2425 3747
337 227 353 256 1
369 226 429 257 πο

324 292 421 326 tem
455 276 714 346 praecedere
735 313 745 323 .
786 275 981 342 Insuper
1015 274 1294 321 baculorum

321 347 456 397 nobis
477 348 758 397 memoriam
780 343 990 393 referunt
1015 340 1291 391 Confrater-

319 423 489 469 nitates
514 419 604 465 illae
630 417 847 470 laicales,
872 429 1072 478 quarum
1090 411 1292 461 Confra-

321 504 412 539 tres
443 487 634 535 baculos
665 501 810 531 manu
847 482 1057 551 gestant,
1094 485 1141 530 in
1174 500 1290 549 quo-

319 577 426 608 rum
448 558 576 624 apice
597 571 787 601 crucem
815 550 1043 621 affigunt,
1077 555 1156 602 vel
1179 555 1288 601 San-

317 631 381 678 &i
412 628 534 674 illius
556 624 832 692 imaginem,
860 641 1004 689 quem
1023 622 1107 670 fibi
1136 625 1183 671 in
1203 624 1288 670 Pa-

316 713 508 746 tronum
526 695 731 741 Societas
749 710 941 760 quaeque
967 693 1131 760 selegit
1152 730 1162 739 .
1198 696 1286 742 Vi-

318 769 483 815 demus
512 764 561 814 ἃ
583 762 723 811 hodie
756 762 830 811 hic
847 767 1011 812 Romae
1040 765 1087 810 in
1115 763 1287 812 solem-

316 834 528 885 nioribus
570 832 883 900 equitatibus,
922 832 1091 900 quibus
1128 835 1289 882 Ponti-

314 905 418 963 fex,
446 906 496 954 &
523 903 800 953 Cardinales
828 904 1170 961 interveniunt,
1189 902 1294 953 isto-

316 995 422 1024 rum
444 970 749 1042 pedissequos,
775 973 924 1039 vulgo
941 971 1292 1042 Parcfiaenarz'os,

315 1048 394 1114 qui
427 1044 526 1091 bini
550 1060 680 1109 aequo
708 1041 875 1092 ordine
895 1041 1099 1111 singulos
1123 1045 1289 1095 Cardi-

314 1118 439 1165 nales
469 1113 689 1162 dominos
718 1111 821 1160 suos
839 1149 854 1170 ‚
873 1114 1123 1180 phaleratae
1148 1117 1287 1163 mulae

315 1184 567 1235 insidentes
617 1181 887 1251 praecedunt
911 1220 926 1241 ,
976 1183 1288 1253 baculosque,

314 1254 570 1324 praeferunt
590 1251 769 1321 septem
795 1255 985 1302 circiter
1011 1257 1179 1323 palmis
1203 1253 1286 1303 ob·-

317 1330 510 1394 longos,
541 1323 771 1392 simplices
803 1323 997 1389 quidem
1029 1323 1287 1384 strusturQ

316 1414 431 1444 auro
467 1409 624 1443 tamen
655 1392 915 1452 obduzfffls,
948 1414 999 1442 ac
1041 1399 1185 1465 prope
1217 1394 1283 1444 fa-

316 1465 508 1534 stigium
544 1462 791 1514 stemmate
823 1463 1009 1513 domini
1041 1469 1283 1534 gentilitio

317 1537 560 1604 iniignitos
587 1571 597 1581 .
636 1531 859 1596 Ejusdem
904 1531 1068 1585 formae
1110 1537 1286 1586 baculis

316 1619 519 1655 Vtuntur
557 1604 709 1652 adhuc
739 1604 945 1671 praeditsti
965 1604 1285 1656 Parafraenarii

314 1674 594 1742 Apostolica
610 1673 725 1720 Sede
747 1688 965 1730 vacante,
981 1676 1099 1721 dum
1115 1677 1287 1724 Cardia

312 1745 441 1797 nales
461 1743 707 1791 Conclave
735 1739 1001 1809 introgreffi
1030 1741 1160 1793 sunt:
1190 1745 1285 1795 duo

312 1815 492 1864 etenim
529 1830 587 1861 ex
621 1829 787 1861 eorum
830 1829 1032 1862 numero
1067 1815 1285 1883 prandii,

313 1901 552 1950 coenatque
597 1879 892 1949 temporibus
942 1901 1053 1931 cum
1109 1885 1286 1935 baculis

314 1954 506 2023 opsonia
518 1954 808 2000 comitantur
822 1951 880 1999 ad
894 1956 1058 2011 Rotas,
1077 1972 1160 2021 per
1172 1974 1282 2021 quas

314 2022 593 2073 deferuntur
610 2020 668 2069 ad
683 2021 956 2071 Cardi‘nales
973 2059 983 2069 .
1017 2026 1176 2072 Baculi
1200 2044 1280 2074 ve·

314 2095 368 2142 ro
403 2093 473 2141 isti
504 2094 663 2140 colore
693 2093 720 2139 a
749 2089 1066 2159 superioribus
1110 2093 1281 2144 discre-

313 2177 426 2233 pant
447 2185 461 2222 3
490 2180 600 2209 nam
622 2160 906 2220 Cardinalis,
922 2164 1001 2228 qui
1022 2165 1046 2211 a
1063 2166 1279 2231 proxim&

314 2230 539 2282 defunsto
560 2228 785 2279 Pontifice
805 2233 989 2299 pileum
1012 2233 1279 2284 Cardinali-

312 2305 437 2351 tium
462 2302 675 2369 accepit,
703 2314 814 2348 tunc
843 2301 1033 2351 baculos
1062 2302 1281 2354 Parafrae·

315 2374 559 2422 uariorum
591 2371 806 2439 violaceo
841 2374 1001 2422 colore
1023 2370 1172 2442 signat
1190 2411 1206 2433 ,
1234 2378 1282 2424 in

318 2443 468 2493 Iustus
485 2441 712 2490 videlicet
726 2477 742 2498 ,
762 2443 811 2492 &
826 2445 1043 2492 moeroris
1063 2444 1122 2493 de
1142 2445 1283 2493 annis-

314 2512 366 2562 so
385 2515 518 2561 Patre
535 2513 750 2579 concepti
765 2527 1102 2580 argumentum
1118 2537 1132 2576 ;
1152 2517 1285 2565 color

313 2585 438 2632 enim
456 2583 696 2631 violaceus
712 2582 923 2650 lugubris
944 2597 1055 2633 nota
1072 2583 1154 2643 est,
1171 2604 1286 2653 prae-

312 2651 476 2700 sertim
497 2652 623 2720 apud
651 2654 829 2720 Reges,
857 2652 1024 2719 quibus
1054 2657 1288 2704 Cardina-

313 2722 377 2770 les
413 2725 758 2789 aequiparantur
779 2758 795 2780 ,
822 2736 877 2769 vt
911 2726 1069 2790 paucis
1094 2723 1152 2773 ab
1177 2726 1286 2775 hinc

314 2792 443 2841 annis
461 2791 769 2840 Christianiss.
789 2794 930 2861 Regis
943 2796 1089 2852 Aula,
1105 2793 1287 2864 sangui-

311 2861 380 2909 nis
401 2862 538 2928 Regii
558 2861 789 2923 jafiuram
811 2864 999 2930 lugens,
1014 2867 1284 2915 violaceam

312 2928 492 2979 vestem
508 2928 665 2977 induit
681 2966 696 2988 ,
725 2933 771 2978 in
788 2947 1123 2999 argumentum
1146 2934 1286 2984 tristi-

313 3001 389 3047 tiae
413 3036 429 3057 ,
464 3001 653 3065 reliquis
686 3001 906 3049 omnibus
944 3005 1089 3051 etiam
1131 3005 1283 3073 stirpis

312 3067 609 3138 Principibus
624 3071 807 3136 nigram
824 3071 1126 3122 induentibus
1142 3111 1151 3120 .
1170 3079 1286 3125 Car-

313 3139 483 3188 dinalis
500 3138 635 3197 vero,
647 3141 727 3207 qui
744 3137 801 3187 ab
819 3141 911 3187 alio
929 3140 1155 3191 Pontifice
1172 3163 1287 3210 praa-

313 3206 544 3259 decessore
561 3222 745 3258 ereatus
767 3207 847 3268 est,
868 3208 1054 3261 baculos
1069 3212 1285 3263 Parafrae-

728 196 1154 259 VETERA'
1225 201 1917 254 MONIMENTA

1346 291 1590 322 nariorum
1613 271 1803 320 suorum
1842 269 1986 318 viridi
2024 272 2182 322 colore
2203 269 2304 319 infi-

1345 345 1412 390 cit
1425 378 1441 399 ,
1461 346 1508 389 in
1527 341 1708 414 iignum
1727 344 1776 392 &
1797 340 1890 409 ipse
1909 339 2060 388 luffis
2073 376 2090 398 ,
2109 356 2156 389 at
2173 360 2306 391 non-2

1344 426 1443 460 tam
1453 429 1610 478 gravis
1626 434 1640 473 3
1657 415 1822 461 viridis
1845 412 2019 477 quippe
2038 412 2170 459 color
2188 429 2307 480 quo-

1345 481 1604 531 dammodo
1618 479 1824 531 funestus
1841 479 1905 530 est
1922 517 1938 538 ,
1963 480 2082 528 fort&
2111 483 2137 530 a
2154 500 2304 550 cypa-

1343 549 1441 599 riffi
1464 551 1709 601 viriditate
1753 553 2007 619 desumpto
2048 549 2312 617 symbolo,

1341 639 1483 689 quam
1497 619 1706 672 funebris
1720 637 1840 671 notae
1855 620 2077 670 arborem
2108 618 2309 672 effecere

1342 694 1594 741 Poetarum
1615 694 1866 759 placita,&
1892 690 2060 740 fabulae
2078 728 2088 738 .
2122 691 2310 741 Verum

1343 764 1390 810 hi
1407 761 1563 810 baculi
1590 765 1866 827 neutiquam
1890 760 2078 810 dicendi
2108 760 2216 811 sunt
2228 780 2309 812 eos

1345 835 1537 880 innuere
1550 867 1567 889 ,
1589 830 1758 898 quibus
1778 833 1825 878 in
1839 828 1917 881 esu
1933 828 2160 880 Paschalis
2176 833 2310 903 Agni

1334 902 1491 972 Judaei
1524 904 1595 949 vri
1625 900 2026 961 consueverunt,
2052 900 2130 950 sed
2147 902 2306 970 potius

1346 974 1450 1021 illos
1484 969 1731 1038 respicere,
1758 971 1926 1037 quibus
1954 969 2209 1020 utebantur
2222 974 2310 1023 ‘ve-

1344 1041 1452 1090 rusti
1472 1044 1541 1091 illi
1559 1041 1775 1098 ministri,
1795 1044 1873 1108 qui
1892 1041 2057 1109 populi
2076 1041 2314 1092 turbam,

1342 1109 1622 1160 affluentem
1656 1110 1910 1175 arcebant,
1955 1125 2009 1159 ut
2053 1113 2182 1161 viam
2220 1131 2308 1181 per

1341 1201 1483 1249 quam
1502 1179 1719 1230 Pontifex
1736 1218 1753 1239 ,
1781 1179 2150 1248 Cardinal'esque
2184 1185 2309 1233 ince-

1342 1254 1524 1309 derent,
1543 1249 1732 1300 facilem
1764 1253 2002 1318 latamque
2017 1251 2281 1320 praeberent
2294 1289 2312 1313 ,

1341 1324 1397 1371 nc}
1424 1327 1451 1372 a
1475 1322 1610 1391 plebe
1643 1323 1986 1379 tumultuaria,
2007 1341 2058 1370 ac
2072 1326 2312 1392 gregatim

1341 1407 1610 1442 accurrente
1639 1391 1854 1440 transitus
1883 1393 2169 1441 arstaretur.
2207 1397 2311 1444 Ho-

1341 1464 1418 1515 die
1437 1470 1595 1511 tamen
1614 1463 1739 1531 apud
1752 1461 2031 1512 Pontificem
2051 1463 2153 1512 duae
2183 1461 2311 1512 simi-

1341 1537 1462 1584 lium
1476 1532 1798 1583 ministrorum
1815 1531 1932 1602 speci
1940 1552 1985 1583 es
2002 1532 2308 1601 adsunt,qua-

1340 1621 1446 1652 rum
1474 1622 1563 1653 una
1595 1606 1797 1652 nationis
1826 1605 2093 1652 Helveticae
2123 1602 2221 1660 est,
2259 1606 2310 1654 δε

1340 1673 1413 1721 isti
1433 1673 1822 1742 ‘vulgotBarbette
1851 1676 1877 1722 ’ἐι
1907 1675 2011 1721 latis
2039 1671 2192 1722 barbis
2222 1690 2309 1723 vo-

1340 1757 1529 1791 cantur:
1558 1744 1755 1792 alterius
1785 1742 1900 1792 vero
1922 1742 2090 1812 speciei
2108 1742 2309 1793 ministri

1339 1815 1533 1862 nomine
1550 1811 1777 1861 nobiliori
1814 1813 2127 1880 indigitantur
2147 1814 2310 1864 Lancia·

1325 1885 1558 1952 spezzate,
1571 1882 1843 1951 gestamque
1864 1883 2079 1932 manibus
2110 1897 2307 1934 tenuem

1340 1954 1562 2001 baculum
1576 1954 1850 2020 nigricantis
1865 1956 2037 2003 coloris
2051 1990 2068 2011 ,
2097 1953 2315 2004 nobilio«

1335 2022 1530 2090 remque
1544 2044 1559 2084 3
1580 2040 1785 2089 quorum
1801 2024 2050 2071 hominum
2060 2040 2207 2091 genus
2223 2042 2307 2092 ge-

1334 2095 1456 2143 neris
1489 2094 1702 2141 claritate
1734 2090 1909 2161 insigne
1938 2093 2033 2151 est,
2062 2096 2309 2161 interque-2

1334 2161 1573 2213 Pontificis
1604 2163 1802 2211 Aulicos
1836 2178 2200 2222 annumeratur,
2219 2167 2304 2232 qui

1336 2232 1446 2283 cum
1462 2234 1607 2301 prope
1622 2250 1734 2281 eum
1753 2233 1973 2282 incedant
1984 2269 2000 2290 ,
2016 2231 2232 2282 efficiunt
2247 2235 2307 2284 n&

1335 2307 1437 2371 quis
1470 2304 1530 2352 ad
1563 2321 1674 2352 eum
1710 2306 2023 2353 irreverenter
2066 2304 2259 2352 accedat
2291 2340 2304 2351 .

1337 2376 1436 2443 Qi
1467 2372 1583 2422 vero
1620 2373 1844 2422 dicuntur
1877 2374 2082 2425 Barbette
2099 2409 2114 2431 ,
2152 2372 2306 2422 infimi

1335 2446 1518 2513 generis
1538 2440 1660 2500 sunt,
1682 2441 1952 2510 gestantque
1976 2444 2199 2491 baculum
2225 2462 2306 2493 ro-

1342 2513 1616 2570 bustiorem,
1635 2530 1778 2578 quem
1798 2515 1845 2560 in
1859 2511 2182 2564 funCtionibus
2203 2531 2304 2562 ma·-

1340 2585 1481 2635 ximis
1509 2584 1678 2631 acriter
1694 2619 1710 2640 ‚
1740 2602 1792 2630 ac
1815 2581 1908 2632 sin}
1930 2583 2205 2634 discrimine
2225 2602 2304 2633 ro-

1342 2667 1444 2705 tant
1467 2653 1527 2700 ad
1551 2654 1808 2702 irruentem
1828 2653 2015 2722 plebem
2032 2653 2306 2716 arcendam,¹

1341 2727 1390 2777 &
1406 2719 1771 2792 propulsandam
1793 2759 1803 2770 .

1407 2793 1512 2842 Hos
1536 2805 1694 2842 tamen
1711 2795 1793 2850 (ni
1810 2789 1948 2844 fallor
1966 2803 1987 2858 )
2008 2795 2176 2858 conjici
2197 2791 2302 2862 pos-

1337 2862 1381 2913 se
1403 2862 1592 2911 credam
1625 2859 1876 2913 successisse
1913 2867 1960 2913 in
1998 2867 2158 2914 locum
2192 2866 2304 2913 illo-

1336 2951 1462 2991 rum,
1478 2950 1681 2999 quorum
1713 2937 1934 2982 meminit
1958 2936 2151 2983 Ritualc
2173 2937 2305 2984 Cen-

1339 3005 1399 3051 cii
1421 3007 1683 3053 Camerarii
1698 3008 1822 3053 M.S.
1837 3024 1889 3053 ac
1901 3003 2031 3053 aliud
2046 3002 2197 3053 fimile
2213 3008 2303 3054 Be-

1339 3073 1783 3133 nedieii-Canonici,
1799 3075 1881 3124 ubi
1898 3074 1949 3123 fit
1965 3078 2166 3133 mentio,
2181 3075 2304 3124 duo-

1340 3161 1448 3191 rum
1465 3141 1796 3194 Praefectorum
1817 3143 2081 3195 Navalium
2093 3182 2109 3204 ,
2128 3148 2207 3211 qui
2225 3146 2303 3194 di-

1340 3213 1574 3264 cebantur
1589 3215 1864 3288 Delongarii,
1885 3214 1966 3266 seu
1979 3215 2139 3285 potius
2152 3216 2302 3268 Drun-

2175 3305 2295 3357 garn
