2482 3742
166 343 549 398 EsculentariUm
585 347 822 398 mercium
852 347 1075 416 frequens

93 416 216 469 inibi
241 420 511 488 emporium
527 431 628 467 erat
642 455 653 467 .
682 420 920 471 Martialis
934 423 1072 491 Epig.

94 504 125 556 3
136 510 180 540 0.
197 488 280 536 lib.
296 509 343 550 7.
836 544 839 545 ⁷

166 559 322 609 Raucae
344 560 488 611 Cortis
515 565 654 618 aves,
680 563 736 611 &
750 578 841 612 ova
863 564 1075 622 matrum,

165 627 224 679 Ec
238 629 388 694 flavas
417 632 554 681 medio
581 647 745 699 ‘vapore
760 634 892 685 Chias
911 671 927 694 ‚

161 698 387 769 ,Etsoetum
408 704 582 769 querulae
597 703 742 752 rudem
769 706 933 770 capellae
944 738 961 761 ,

162 767 260 818 Nec
269 776 373 837 jam
385 769 637 842 frigoribus
651 789 779 841 pares
803 777 986 830 olivas,

165 837 226 889 Ec
247 858 396 892 canum
409 845 573 913 gelidis
590 849 680 896 olus
688 849 865 911 pruinis
887 878 904 901 ,

163 908 235 960 De
252 914 398 963 nostro
422 914 510 964 cibi
526 916 624 965 rure
640 916 763 985 miffit
782 915 921 964 credis
937 947 949 959 ·

165 980 208 1029 Ο
225 1001 376 1050 quam,
404 985 597 1053 Regale,
625 987 860 1056 diligenter
885 981 1030 1034 erras!

163 1051 259 1104 Nil
282 1056 426 1104 nostri
445 1091 461 1113 ,
498 1055 587 1124 mss
598 1074 687 1115 me,
700 1056 858 1125 ferunt
880 1055 1039 1122 agelli.

161 1122 410 1197 Qidquid
431 1129 620 1191 villicus
654 1127 821 1181 Umber
847 1161 864 1186 ,
906 1140 980 1175 aut
1006 1142 1074 1171 co-

235 1196 358 1244 lonus
375 1230 392 1253 ,
1054 1238 1056 1240 .

156 1261 258 1313 'Aut
272 1264 404 1333 Tufii
424 1266 512 1316 tibi
524 1303 541 1325 ,
568 1267 815 1335 Tufiuli‘ve
828 1271 1011 1316 mittunt
1024 1299 1040 1322 ,

160 1331 258 1382 Aut
275 1353 348 1382 rus
364 1351 571 1384 marmore
585 1341 714 1384 tercio
732 1352 921 1384 notatum
937 1357 954 1394 3

160 1399 221 1452 Id
236 1417 329 1451 tota
353 1406 465 1454 mihi
482 1407 670 1474 nascitur
687 1404 855 1457 Subura
870 1439 882 1451 .

90 1475 154 1522 Et
179 1473 315 1540 Epig.
332 1493 416 1538 94.
438 1474 611 1525 lib.10.

161 1541 260 1593 Haec
283 1547 424 1612 igitur
439 1580 455 1602 ,
483 1545 624 1595 media
648 1562 732 1612 quae
742 1547 854 1615 fimt
874 1543 984 1595 mihi
999 1559 1074 1590 na-

298 1629 345 1662 ta
359 1613 526 1664 Subura
539 1651 555 1673 ,

231 1680 474 1735 Mittimus
502 1686 719 1737 Autumni
754 1704 878 1736 caerea
903 1701 1074 1752 poma-2

304 1772 386 1804 mei
407 1789 417 1801 .

88 1823 260 1891 Ibique
278 1825 426 1873 etiam
448 1824 563 1874 horai
583 1824 867 1894 Vesper-tina
881 1822 1072 1881 furtivae

89 1911 162 1944 res
186 1892 517 1944 vendebantur
535 1932 552 1954 ,
588 1910 643 1945 ut
676 1893 887 1945 scribunt
912 1900 1073 1956 Arco,

87 1967 141 2016 &
159 1965 456 2033 Porphyrius
481 1968 676 2016 Horatii
707 1963 985 2016 Scholiastes
1011 1969 1071 2016 ad

89 2039 315 2102 Satyram
335 2054 380 2096 7.
395 2035 477 2085 lib.
501 2056 541 2085 1.
557 2035 840 2105 Ibidemque
854 2037 1069 2104 flagello-

89 2122 199 2155 rum
223 2103 432 2156 Officina
444 2143 461 2165 ,
476 2126 528 2156 ac
547 2105 806 2156 Tonstricis
820 2142 837 2165 ,
856 2121 910 2155 ut
929 2107 1067 2156 testa-

89 2188 170 2224 tur
188 2174 315 2224 idem
337 2179 572 2226 Martialis
597 2179 731 2245 Epig.
754 2196 828 2233 17.
848 2175 930 2225 lib.
951 2194 996 2224 2.

161 2245 387 2299 Tonstrix
417 2247 588 2298 Suburae
607 2246 813 2317 fitur-ibus
827 2248 954 2316 sedet
967 2253 1068 2314 pri-

232 2337 316 2366 mis
329 2353 347 2376 ,

158 2388 351 2439 Cruenta
375 2388 565 2456 pendent
603 2404 685 2459 qua
700 2388 884 2458 flagella
913 2388 1069 2441 Torto-

232 2476 327 2506 rum
343 2496 354 2506 .

87 2530 338 2576 Suetonius
353 2532 471 2596 Cap.
486 2537 569 2592 46.
584 2527 817 2580 Caesarem
833 2528 1070 2579 Suburam

88 2594 281 2647 coluisse
298 2612 479 2647 narrat:
504 2598 906 2669 Habitavitprim&
921 2607 971 2652 in
991 2602 1071 2652 Su-

88 2667 195 2718 bura
213 2670 392 2719 modicis
406 2669 563 2719 aedibus
577 2705 587 2717 .

163 2741 335 2788 Omnis
368 2741 584 2807 planities
614 2742 764 2810 igitur
794 2741 917 2791 inter
950 2745 1067 2805 Coe-

89 2808 241 2865 lium,
275 2812 324 2860 &
344 2807 570 2876 Esquilias
591 2813 617 2861 a
636 2815 713 2860 SS.
729 2813 922 2863 Petri&
939 2816 1069 2861 Mar-

87 2879 254 2927 cellini
275 2879 416 2947 usque
434 2880 492 2929 ad
515 2882 942 2950 Amphitheatrum
954 2919 970 2940 ‚
986 2885 1068 2930 Su-

87 2945 209 2996 bura
231 2948 532 3000 denominata
550 2949 671 3011 fuit,
703 2972 756 3002 ac
782 2953 829 2999 in
849 2954 1064 3020 Regione

89 3017 297 3067 :secunda
311 3021 645 3084 Celimontana
657 3022 1073 3073 extitit-Animad-

92 3088 387 3138 vertendum
418 3103 575 3140 tamen
592 3094 658 3144 est
674 3130 691 3153 ,
722 3092 832 3142 fines
850 3098 947 3156 ejus
966 3111 1070 3164 pro-

91 3176 151 3228 pe
169 3160 596 3228 Amp-hitheatrum
633 3166 679 3212 in
696 3162 831 3214 lfidis
856 3165 905 3214 &
937 3166 1067 3213 Sera-

91 3227 216 3299 pidis
234 3233 451 3301 Regione
471 3229 603 3280 fuiffe
620 3267 631 3279 .
658 3236 772 3284 Huc
788 3231 930 3300 usque
945 3237 1065 3283 Nar-

88 3300 254 3350 dinus.
284 3301 501 3354 Audistis
524 3304 670 3371 igitur
685 3321 796 3373 quas
819 3302 1065 3376 unusquis-

972 280 1021 333 ἶ)
1093 279 1140 332 T
1238 271 1560 334 XXVIII.

1996 291 2070 339 '26'
2074 299 2098 344 3

1125 366 1215 417 que
1244 368 1301 398 ex
1317 354 1565 419 praecitatis
1584 351 1877 404 Austoribus
1901 358 2102 406 rationes

1127 439 1152 468 a
1191 433 1292 468 erat
1309 439 1395 501 pro
1422 420 1500 469 sua
1519 423 1579 472 de
1604 423 1796 474 Suburae
1819 422 1910 473 situ
1927 427 2102 475 tuenda

1125 489 1357 539 sententia
1371 529 1382 538 .
1405 493 1619 560 Superest
1635 495 1781 544 modo
1793 532 1809 554 ,
1833 508 1886 543 ut
1902 494 1961 542 ad
1982 494 2104 562 ipsos

1127 561 1448 610 conciliandos
1464 562 1523 619 (fi
1543 562 1643 614 fieri
1660 566 1834 633 potest)
1855 582 1980 613 meas
1999 561 2106 614 affe-

1127 648 1230 680 ram
1247 633 1535 694 conjeRuras
1551 669 1568 692 ,
1599 653 1699 701 quae
1717 637 1827 684 licet
1851 635 2103 683 austorita·

1126 701 1252 749 tibus
1270 716 1471 761 careant,
1483 700 1671 753 fortasse
1687 706 1810 772 apud
1830 704 2107 772 indaganda:

1128 773 1346 821 veritatis
1370 769 1597 822 studiosos
1618 776 1778 823 locum
1796 777 2068 825 invenient.

1210 844 1526 892 Conveniunt
1555 845 1792 895 Auctores
1829 863 1887 895 ex
1923 849 2103 895 Varro-

1128 911 1199 959 nis
1232 911 1512 963 austoritate
1530 950 1545 972 ,
1575 915 1703 981 quod
1728 916 1908 964 Subura
1938 914 2104 965 dicta.-³

1126 978 1297 1038 fuerit,
1314 984 1423 1048 quia
1442 980 1525 1032 sub
1544 1003 1682 1034 muro
1708 1000 1861 1037 terreo
1886 982 1997 1035 esset
2008 1022 2026 1044 ,
2050 1004 2103 1033 ac

1128 1069 1236 1099 curn
1269 1055 1551 1103 Martinello
1576 1091 1592 1112 ,
1646 1057 1808 1104 locum
1844 1056 1983 1105 istum
2023 1058 2103 1103 ali-

1127 1122 1317 1188 quando
1350 1122 1532 1172 dictum
1561 1124 1694 1175 fuisse
1722 1129 2103 1185 Summoenium,

1127 1191 1254 1259 quod
1276 1192 1404 1241 idem
1426 1192 1491 1243 est
1505 1231 1521 1252 ,
1542 1197 1590 1242 ni
1609 1193 1776 1255 fallor,
1796 1217 1847 1246 ac
1865 1196 2101 1245 Suburba-

1124 1280 1258 1322 num,
1272 1263 1398 1313 unde
1422 1264 1766 1333 Subura3quare
1789 1266 1983 1316 Suburae
1999 1281 2105 1334 ety-

1123 1349 1239 1380 mon
1256 1351 1348 1381 non
1370 1353 1394 1381 a
1409 1336 1532 1403 Pago
1554 1335 1833 1394 Succusano,
1852 1337 1930 1386 sed
1948 1357 1973 1384 a
1991 1336 2105 1385 Sub-

1124 1400 1306 1450 urbano
1335 1407 1555 1471 corrupte
1587 1409 1753 1454 contra
1768 1409 2025 1464 Varronis,
2051 1410 2102 1459 ὃς

1125 1471 1331 1520 aliorum
1348 1470 1631 1523 sententiam
1651 1473 1834 1524 desumi
1854 1475 2071 1527 existimo
2089 1515 2100 1526 .

1125 1541 1217 1590 Sed
1251 1541 1326 1591 hic
1362 1541 1519 1592 statim
1549 1544 1693 1594 audio
1719 1560 1880 1594 contra
1914 1559 1991 1595 me
2009 1549 2102 1596 cla-

1125 1624 1306 1660 mantes
1319 1648 1335 1670 ,
1352 1617 1577 1674 Varroni,
1593 1617 1642 1666 &
1662 1617 1764 1664 aliis
1784 1616 2102 1685 Scriptoribus

1125 1695 1294 1750 utpote
1328 1684 1656 1751 antiquiffimis
1691 1684 1835 1735 fidem
1863 1705 1958 1736 non
1985 1684 2105 1739 effe)

1126 1752 1455 1821 denegandam
1474 1778 1489 1817 3
1526 1754 1606 1805 sed
1641 1758 1987 1826 increpantium
2015 1778 2098 1826 pa-

1125 1841 1179 1872 ce
1199 1822 1485 1891 respondeo:
1517 1832 1787 1877 Varronem
1806 1846 1928 1877 anno
1952 1829 2102 1881 Urbis

1126 1893 1328 1942 conditae
1363 1905 1480 1954 726.
1520 1898 1750 1948 videlicet
1783 1913 1890 1948 ante
1924 1900 2102 1949 Christi

1124 1963 1390 2012 adventum
1411 1983 1490 2027 25.
1509 1964 1672 2018 obiiffe
1689 2005 1704 2026 ‚
1732 1988 1783 2016 ac
1804 1966 2023 2037 scripsisse
2043 1970 2103 2020 de

1124 2034 1348 2084 Historiis
1365 2054 1389 2082 a
1405 2035 1486 2085 suo
1504 2051 1718 2106 tempore
1734 2040 1874 2088 valde
1891 2044 2102 2101 remotis,

1121 2123 1290 2173 nempe
1312 2104 1370 2155 de
1387 2107 1605 2156 Collibus
1627 2110 1867 2177 Qirinali
1885 2146 1901 2168 ‚
1936 2113 2100 2161 Vimi-

1121 2176 1249 2232 nali,
1278 2174 1662 2243 &Esquiliarum
1690 2183 1812 2227 intra
1832 2178 2021 2233 Urbem
2052 2184 2101 2231 in

1121 2244 1358 2294 clusarum
1373 2249 1398 2295 a
1415 2250 1581 2298 Servio
1604 2249 1891 2316 Tullio,qui
1914 2250 2103 2317 praeces-v

1121 2313 1180 2364 fit
1200 2320 1471 2366 Varronem
1489 2338 1633 2368 annos
1652 2321 1840 2369 circiter
1863 2338 1976 2381 575.
1994 2341 2103 2388 qua-

1119 2404 1169 2435 re
1187 2404 1281 2435 non
1300 2384 1379 2435 abs
1400 2405 1449 2437 re
1469 2388 1532 2438 est
1553 2389 1728 2448 dicere,
1748 2390 1897 2458 ipsum
1921 2397 2105 2441 Varro·

1121 2474 1234 2505 nem
1253 2458 1300 2505 in
1322 2457 1459 2519 hujus
1476 2462 1680 2508 nominis
1706 2462 2018 2530 Etymologia
2036 2480 2103 2512 er-

1122 2523 1254 2585 rasse,
1270 2528 1399 2593 quod
1416 2532 1600 2580 concise
1617 2527 1810 2580 forsitan
1826 2534 1971 2580 etiarn
1988 2546 2103 2582 tem-

1123 2615 1238 2665 pore
1259 2600 1411 2646 Servii
1429 2601 1613 2651 distum
1637 2599 1785 2650 fuerit
1816 2604 1919 2651 loco
1935 2603 2099 2654 Subur-

1119 2669 1188 2718 bii
1205 2705 1221 2727 ,
1239 2667 1439 2720 Suburae:
1471 2673 1642 2740 Neque
1662 2669 1896 2739 possumus
1913 2675 2101 2741 praecis&

1119 2737 1316 2789 asserere
1332 2776 1348 2797 ,
1375 2741 1633 2806 qualisnam
1651 2742 1794 2790 fuerit
1815 2744 1982 2792 Latina
2005 2746 2099 2792 lin-

1118 2828 1210 2878 gua
1231 2846 1246 2867 ,
1280 2809 1520 2861 transaetis
1538 2819 1634 2877 jam
1659 2812 1725 2861 bis
1742 2815 1905 2871 mille,
1934 2834 1985 2863 ac
2005 2828 2099 2863 ter-

1120 2882 1267 2930 centis
1283 2883 1567 2952 annis.Junii
1584 2882 1768 2932 dietum
1782 2887 2013 2934 Varronis
2028 2901 2100 2930 an-

1119 2953 1338 3018 tiquioris
1359 2953 1704 3021 perpendatur,
1718 2955 1845 3020 quod
1863 2972 2020 3002 meam
2034 2951 2099 3001 fo·-

1123 3036 1208 3071 vet
1225 3022 1560 3085 conjec'turam:
1575 3024 1655 3073 ille
1672 3026 1800 3074 enim
1817 3023 1997 3079 Subura,
2013 3024 2097 3080 ait,

1122 3090 1479 3163 qubdsueritfhb
1496 3100 1674 3162 antiqua
1691 3095 1813 3149 Urbe
1830 3130 1841 3140 .
1867 3095 2013 3142 Hunc
2032 3094 2099 3140 lo-

1122 3181 1233 3213 cum
1267 3163 1462 3214 videtur
1491 3165 1742 3215 declarasse
1777 3160 1981 3211 Isidorus
2008 3162 2097 3212 de,

1120 3231 1400 3301 Originibus
1417 3234 1499 3282 lib.
1512 3255 1529 3283 1
1543 3233 1853 3301 5.cap.2.ubi:
1879 3233 2096 3284 Suburba-

1117 3323 1175 3355 na
1202 3305 1428 3371 (inquit)
1445 3307 1556 3373 fimi
1581 3306 1850 3373 circumjec‘ia
1866 3309 2096 3358 Civitatis

1994 3376 2093 3425 aedi-
