2425 3747
709 187 1096 241 CAPU

8 254 13 258 ’
88 266 210 333 'gas-2⁶2·
227 295 242 317 ,
261 258 433 324 quique
453 253 743 323 piuvialibus
765 256 918 303 induti
940 293 956 315 ,
979 256 1058 305 ba·

93 333 223 379 culos
236 327 483 396 portabant
499 328 546 372 in
566 324 783 373 manibus
799 361 809 370 .
827 325 1055 393 Majoren·

82 405 155 470 ses
171 398 387 448 similiter
401 409 534 446 erant
546 431 562 453 ,
594 396 675 461 qui
695 398 929 445 mantellis
949 396 1057 448 seri-

93 474 158 519 cis
179 469 333 517 induti
349 466 537 514 baculos
552 464 827 514 deferebant
840 502 855 524 ,
871 485 1058 517 eorum-

90 558 182 609 que
202 555 370 586 munus
383 548 484 585 erat
509 536 558 582 in
574 534 945 587 Proceffionibus
972 539 1056 590 ob-v

88 611 296 664 servare,
315 609 370 655 ne
389 606 555 672 aliquis
572 605 615 655 se
633 608 679 654 in
694 625 766 655 eas
783 609 1053 677 importune

90 675 380 731 immisceret
396 711 412 735 -‚
437 678 488 734 ὅς
508 676 839 728 vocitabantur
860 701 870 730 :
900 682 1053 733 Schola

92 752 125 802 S
128 750 423 800 timulatorum
442 783 452 794 .

159 819 405 870 Hactenus
420 817 478 867 de
501 817 779 868 baculorum
791 821 993 889 origine,
1008 822 1057 871 ὅ(

89 886 177 938 usu
203 891 420 958 generice
441 889 599 938 astam
628 886 940 964 est3superest
957 909 1058 939 mo-

88 959 154 1008 do
174 960 231 1009 de
251 962 446 1010 illorum
477 957 754 1028 specialibus
780 962 942 1010 lormis
974 959 1061 1009 ser-

87 1048 288 1079 monem
308 1028 577 1089 instituere,
609 1031 688 1097 qui
708 1044 805 1080 tam
824 1030 882 1080 ad
901 1033 1058 1080 Eccle-

86 1099 275 1150 fiasticae
308 1101 599 1149 Hierarchiae
627 1099 874 1159 Praesules,
917 1105 1059 1168 quam

89 1171 152 1221 ad
185 1172 458 1239 temporalis
504 1171 795 1219 Monarchiae
826 1174 1061 1222 Dominos

86 1243 316 1290 attinent.
354 1240 436 1290 Ab
465 1239 701 1292 Abatibus
730 1241 888 1306 itaque
907 1276 924 1298 ,
963 1256 1064 1291 tan-

85 1328 230 1377 quam
259 1313 306 1357 in
333 1308 567 1358 inferioris
595 1310 772 1359 ordinis
799 1313 1063 1379 dignitate„

83 1380 368 1440 constitutis,
387 1380 641 1431 exordium
657 1378 890 1432 sumentes
904 1418 920 1441 ‚
940 1385 950 1430 i
957 1383 1061 1451 pso-

82 1467 192 1498 rum
220 1449 411 1501 baculos
437 1449 807 1500 recensebimus.
848 1452 1060 1503 Clariffi-

83 1538 223 1570 mum
238 1536 578 1590 argumentum
606 1519 712 1570 usus
736 1522 1058 1575 baculorum„

82 1591 211 1658 apud
224 1591 403 1641 Abates
421 1590 487 1641 est
501 1592 791 1641 Abatiarum
809 1595 1059 1644 investitu-

82 1678 134 1710 ra
151 1697 167 1719 ,
205 1678 305 1728 quae
342 1663 406 1711 eis
443 1679 528 1730 per
557 1663 867 1712 traditionem
903 1664 1061 1715 baculi

82 1730 331 1780 Pastoralis
350 1730 698 1782 concedebatur
709 1754 725 1794 3
748 1749 848 1798 quae
864 1734 1060 1783 traditio

81 1802 206 1849 nihil
240 1801 372 1851 aliud
401 1801 690 1859 denotabat,
728 1801 816 1851 nifi
850 1802 1059 1855 Pastora-

83 1872 182 1920 lem
197 1868 395 1940 suscepti
413 1873 656 1941 regiminis
675 1889 836 1919 curam
857 1894 870 1921 ε
893 1888 941 1920 at
964 1875 1061 1922 haec

80 1937 376 1992 consuetudo
405 1960 500 1990 non
527 1955 628 1991 erat
655 1944 924 1990 communis
953 1961 1056 1991 om-

81 2010 222 2058 nibus
252 2011 465 2069 Abatiis,
482 2010 593 2060 cum
617 2011 881 2064 Ordericus
903 2015 1053 2064 Vital.

80 2080 221 2131 lib.8.
252 2082 426 2131 relatus
444 2101 469 2128 a
487 2086 755 2151 Du-Cange
782 2084 830 2129 in
850 2079 933 2133 suo
952 2103 1058 2134 eru-

83 2148 314 2200 ditissimo
349 2148 586 2201 Gloffario
607 2190 623 2211 ,
650 2151 710 2200 fic
745 2151 941 2203 scribat:
974 2157 1061 2208 Per

83 2223 253 2272 baculos
284 2224 534 2274 Paflmlcs
564 2229 613 2272 in
645 2243 690 2274 eo
722 2238 903 2289 tempore
932 2232 1063 2276 moris

80 2310 176 2342 erat
190 2293 381 2346 Coenobit'
405 2311 547 2342 curam
573 2298 805 2352 committi,
833 2293 1063 2345 videlicet

85 2362 324 2412 Abatibus
338 2400 348 2411 .
371 2367 512 2413 Acin
529 2365 713 2415 Codice
730 2365 940 2431 quodam
957 2369 1062 2414 MS.

85 2433 285 2483 Ordinis
302 2437 345 2481 S.
364 2435 576 2485 Victoris
590 2433 809 2483 Parifien.
831 2454 931 2503 cap.
945 2456 962 2485 1
974 2473 985 2482 .
1002 2435 1063 2486 fic

77 2501 287 2554 liabetur
320 2523 332 2551 :
364 2504 605 2555 Sciendum-
625 2513 778 2574 quoquc}
808 2508 878 2556 ef?
894 2542 909 2563 ,
954 2509 1065 2575 quod

84 2574 237 2624 nofira
260 2574 504 2641 consuetudo
531 2576 751 2630 Abatibus
782 2578 949 2627 nofi'ris
982 2578 1057 2625 ba-

87 2646 228 2693 culum
255 2648 370 2695 nullo
404 2646 522 2694 modo
543 2647 735 2696 concedit
753 2682 764 2693 .
803 2649 925 2714 Qiae
954 2645 1059 2697 sane

88 2712 369 2762 confirmant
384 2714 451 2773 id,
471 2715 601 2782 quod
621 2716 679 2766 de
699 2715 936 2765 Abatibus
956 2737 1061 2787 pro-

88 2783 301 2834 bandum
326 2781 676 2854 affumpfimus3
694 2785 800 2835 usus
815 2789 944 2836 enim
960 2808 1063 2857 par-

87 2856 302 2904 ticularis
334 2856 460 2904 illius
484 2855 782 2916 Monasterii,
802 2855 1063 2911 baculum„

91 2926 240 2973 Abati
264 2924 572 2976 Coenobitico
598 2927 889 2995 denegantis,
922 2947 1063 2998 regu-

91 2996 190 3043 lam
209 2994 367 3044 firmat
395 2997 443 3044 in
470 2998 597 3054 aliis,
630 3012 684 3046 ut
710 3016 769 3047 ex
797 2997 956 3048 verbis
985 3019 1060 3049 no·

86 3066 188 3119 Era
214 3067 474 3134 consuetudo,
496 3067 521 3114 ὲ
541 3066 708 3133 quibus
727 3066 928 3118 infertur
942 3071 1062 3120 alio-

93 3152 203 3183 rum
231 3135 612 3194 Coenobiorum,
633 3139 682 3187 &
715 3141 956 3189 Ordinum
987 3142 1062 3189 di-

94 3203 342 3256 versorum
361 3205 540 3261 Abates
556 3207 835 3268 facultatem
850 3208 1064 3263 deferen-

164 3274 309 3327 ParJ.

1167 183 1214 236 T
1251 204 1254 206 '
1313 183 1369 235 Χ
1384 186 1436 237 V-
1985 197 2014 241 ἰ
2027 210 2051 239 2
2066 213 2086 241 ι

1113 253 1161 302 di
1179 254 1368 303 baculos
1386 252 1593 305 habuisse
1606 292 1617 304 .
1644 254 1936 307 Occurrit&
1953 261 2083 319 aliud

1110 326 1158 370 in
1188 325 1367 374 Chron.
1395 324 1723 376 Novalicienfi
1753 325 1889 374 lib.6.
1910 328 1984 375 tit.
2015 332 2086 380 De

1109 394 1252 447 Abatc
1273 396 1559 454 exaufioraco,
1577 410 1631 445 ut
1647 393 1791 446 refert
1807 413 2088 463 praememo-

1108 480 1233 513 ratus
1249 469 1537 535 Du-Cange,
1547 467 1674 516 unde
1691 468 1785 515 haec
1802 463 2091 535 transcripsi„-

1108 554 1242 587 mus:
1283 536 1600 587 Detestabilem
1628 537 1905 589 sarabaitam
1933 544 2086 607 caepit,

1103 607 1296 655 baculum
1313 603 1460 674 fregit
1481 643 1495 664 ‚
1515 626 1637 676 atquc
1656 607 1886 678 superbum
1919 609 1971 659 de
1984 610 2090 679 fide

1105 678 1294 745 deposuit
1315 711 1325 722 .
1365 679 1570 727 Accedit
1614 677 1801 746 insuper
1833 678 2091 729 auctoritas

1112 749 1325 814 Wigorn.
1342 780 1358 804 ,
1377 749 1458 813 qui
1485 756 1711 816 pag.656.
1741 749 1800 796 de
1823 749 2084 798 Abatum„

1113 815 1452 883 degradatione
1480 815 1542 866 fic
1566 820 1632 866 ait
1672 839 1682 866 :
1716 818 1933 868 Plurimos
1960 821 2088 872 Aba·

1112 904 1176 937 tes
1195 887 1356 936 baculis
1379 893 1587 954 privatos
1603 889 1792 956 deposuit
1810 889 1862 937 de
1877 891 2055 957 fidibus
2075 928 2088 939 .

1114 960 1185 1005 Ex
1217 956 1385 1024 quibus
1427 958 1709 1008 baculorum
1742 956 1968 1008 fractione
1983 997 1999 1018 ‚
2036 980 2089 1012 ac

1113 1030 1215 1096 priv
1226 1029 1382 1078 atione
1425 1030 1541 1078 dum
1579 1029 1761 1079 Abates
1814 1031 2090 1080 exauctora-

1112 1111 1275 1146 rentur
1290 1134 1306 1156 ,
1343 1101 1545 1167 praevius
1564 1117 1731 1148 eorum
1750 1096 1858 1147 usus
1876 1100 2088 1150 elicitur.

1115 1167 1206 1217 Sed
1221 1173 1318 1231 jam
1349 1169 1409 1217 ad
1442 1169 1632 1227 baculos
1663 1166 1963 1237 Episcopales
1984 1189 2088 1239 per·

1114 1256 1281 1308 gamus
1298 1274 1309 1285 .

1185 1311 1406 1367 Baculus,
1424 1309 1575 1377 Virga
1596 1308 1858 1366 Pastoralis,
1874 1308 2054 1358 Pedum
2075 1318 2092 1369 ζ

1113 1380 1530 1450 Ferula,Capuita‚
1548 1396 1631 1442 pro
1655 1376 1945 1446 synonymis
1964 1378 2095 1427 usur-

1114 1464 1288 1520 pantur
1311 1450 1367 1498 ab
1386 1455 1536 1500 lvone
1552 1448 1834 1500 Carnotenfi
1858 1451 1905 1496 in
1927 1450 2093 1517 episto·

1114 1525 1159 1570 la
1175 1527 1220 1572 8.
1251 1522 1301 1570 &
1333 1520 1390 1568 ab
1420 1522 1646 1570 Honorio
1669 1518 2093 1588 Augustodunenfi

1115 1592 1164 1639 in
1192 1591 1369 1641 Gemma
1392 1592 1563 1641 Anima
1593 1591 1675 1639 lib-
1697 1611 1737 1640 1.
1776 1609 1877 1657 cap.
1900 1609 1924 1638 2
1940 1609 2015 1650 17.
2045 1604 2094 1638 at

1115 1662 1252 1710 Ordo
1266 1667 1513 1710 Romanus
1532 1662 1585 1710 de
1602 1661 1928 1710 Dedicat.Eccl.
1949 1664 2091 1709 Cam·

1114 1728 1280 1779 butam
1299 1732 1483 1779 vocitat
1503 1766 1513 1776 .
1553 1729 1702 1796 Qod
1722 1742 1884 1779 autem
1913 1727 2095 1779 baculis

1114 1799 1182 1848 ufi
1200 1798 1381 1850 fuerint
1400 1798 1652 1868 Episcopi,
1675 1801 1845 1863 conjici
1861 1798 2013 1868 potest
2033 1818 2093 1849 ex

1114 1873 1293 1919 Carolo
1329 1872 1487 1919 Calvo
1531 1872 1579 1917 in
1612 1869 1806 1936 epistola
1839 1870 1899 1918 ad
1937 1872 2091 1920 Nico-

1113 1940 1244 1987 laum
1281 1937 1562 1989 Pontificem
1602 1939 1661 1987 de
1696 1938 1831 1987 causa
1869 1938 2046 1988 Ebonis
2075 1977 2091 1998 ,

1110 2008 1204 2060 ibi:
1227 2011 1465 2080 Omnesque
1471 2010 1758 2082 fhfflaganei‚
1786 2013 1860 2078 qui
1880 2029 1921 2057 eo
1941 2009 2091 2078 abfenr

1110 2097 1152 2129 te
1169 2083 1365 2131 ordinati
1371 2080 1574 2150 fucrant,
1596 2083 1774 2130 annulos
1786 2116 1802 2138 ,
1820 2090 1875 2130 (7
1891 2080 2058 2129 baculos
2074 2117 2092 2138 ,

1113 2154 1258 2221 &fitae
1272 2172 1345 2202 con
1336 2157 1609 2221 firmationis
1612 2153 1799 2220 scripta,
1818 2170 1931 2199 more
1947 2151 2091 2200 Galli-

1114 2238 1256 2272 carum
1278 2222 1555 2292 Ecclefi'arum
1568 2258 1584 2280 ,
1617 2223 1669 2270 ab
1697 2242 1738 2270 eo
1754 2224 1774 2278 (
1791 2222 2090 2290 Archiepisco-

1107 2305 1198 2359 po)
1218 2286 1460 2360 acceperant
1476 2329 1487 2339 .
1527 2295 1691 2359 Atque
1707 2290 1815 2339 inde
1833 2293 1934 2339 erui
1953 2292 2091 2340 facil&

1117 2363 1297 2432 potest,
1316 2366 1364 2412 in
1388 2364 1694 2413 Gallicanam
1714 2359 1970 2409 Ecclefiam
1986 2362 2089 2410 lon-

1115 2436 1170 2501 g}
1187 2448 1293 2482 ante
1314 2447 1530 2502 tempora
1551 2434 1717 2483 Caroli
1740 2432 1883 2481 Calvi
1905 2449 2091 2481 morem

1114 2504 1367 2553 inductum
1383 2499 1516 2555 fuisse
1531 2538 1548 2561 ‚
1580 2517 1634 2552 ut
1658 2500 1878 2570 Episcopi
1901 2500 2091 2551 baculos

1114 2572 1430 2642 praeseferrent
1448 2610 1457 2621 .
1497 2575 1664 2624 Petrus
1677 2574 1938 2622 Damianus
1951 2571 2067 2620 lib.2
2078 2610 2088 2622 .

1114 2643 1296 2713 epist.2.
1317 2644 1374 2694 de
1389 2644 1569 2693 baculis
1589 2643 1887 2712 quorundam
1901 2640 2092 2710 Episco-

1116 2732 1289 2782 porum
1334 2713 1395 2763 fic
1432 2715 1645 2782 loquitur
1670 2736 1681 2763 ε
1718 2713 1951 2781 Nunquam
1983 2722 2093 2765 certe}

1113 2787 1280 2854 ‘vidiffit
1308 2804 1371 2834 me
1403 2791 1582 2834 memini
1616 2787 1898 2853 Pontificales
1924 2784 2091 2834 baculos

1112 2873 1200 2904 tam
1216 2863 1411 2907 continuo
1426 2856 1644 2906 radiantis
1661 2858 1828 2906 metalli
1844 2858 1980 2905 nitore
1993 2873 2090 2902 con-

1114 2928 1385 2996 teilos,stcut
1403 2944 1525 2976 erant
1551 2932 1625 2995 qui
1642 2925 1693 2973 ab
1708 2926 1932 2993 Esculano,
1966 2941 2088 2993 atque

1116 2998 1333 3066 Tranenfi'
1345 2997 1629 3066 gestabantur
1642 2998 1860 3066 Episcopis
1876 3033 1886 3042 .
1907 2994 2000 3043 Nec
2026 2998 2088 3042 eis

1107 3066 1305 3138 profuit,
1337 3069 1449 3136 quod
1473 3069 1706 3139 Pontifices
1735 3070 1894 3135 ligneis
1924 3067 2087 3112 auratis

1114 3140 1289 3210 ustfimt
1306 3140 1469 3190 baculis
1484 3175 1500 3196 ,
1534 3141 1634 3189 dum
1639 3137 1874 3204 sacerdotii
1887 3137 2086 3181 meritum

1115 3228 1198 3261 non
1221 3216 1336 3261 nitor
1355 3211 1512 3279 ςῄῖσίαῐ
1533 3210 1732 3258 vestium
1747 3240 1764 3262 ,
1779 3204 2082 3273 ftdspiritua-

1534 3279 1604 3345 Q
1977 3276 2085 3324 lium
