2482 3742
679 307 718 357 C
787 307 835 357 A
903 307 941 357 P
1013 304 1061 356 U
1130 302 1177 353 T
1278 299 1573 352 XXVIII.
2027 312 2122 371 2'55

196 374 444 433 Secundo,
470 372 599 439 quod
630 374 696 423 ibi
729 376 975 425 venalium
1023 392 1095 423 re-

122 463 234 494 rum
267 447 402 513 copia
429 441 602 494 adesset
624 481 642 503 ,
677 447 916 496 Martialis
945 443 1030 494 lib.
1049 462 1096 505 7.

128 517 436 705 Ερᾷξίῐὲιίιί
463 587 648 638 villicus
682 587 850 643 Umber
874 623 890 645 ‚
926 541 1101 636 aut-'to-

280 675 411 714 onus,

192 725 288 777 Aut
304 724 439 796 Tusci
461 725 550 776 tibi
561 763 577 785 ,
603 725 845 797 Tufiuli‘ve
864 723 1071 778 mittunt:

191 798 288 845 Aut
303 816 376 846 rus
394 815 599 847 marmore
619 804 746 849 tertio
768 814 957 847 notatum
975 820 992 860 3

191 865 251 914 Id
261 882 351 916 tota
374 870 486 918 mihi
502 871 687 938 nuftitur
704 868 870 920 Subura
885 904 897 916 .

121 938 181 983 Et
200 935 283 984 lib.
310 957 385 987 10.
409 940 543 1007 Epig.
563 957 649 1002 94.

191 1007 240 1059 H
242 1027 292 1056 aec
317 1013 456 1075 igitur
475 1011 615 1060 media
640 1010 838 1081 quaefimt
866 1009 977 1059 mihi
997 1026 1099 1062 nata

329 1079 499 1131 Subura
1017 1082 1021 1085 ’

260 1146 503 1203 Mittimus
534 1153 753 1205 Autumni
784 1167 909 1202 caerect
930 1165 1099 1217 poma-2

336 1226 422 1272 mei
438 1257 451 1271 .

203 1291 369 1354 Qare
386 1325 403 1348 ,
440 1290 571 1355 quod
598 1289 886 1338 clamoribus
917 1291 1097 1339 Praecov

117 1375 236 1406 num
263 1393 281 1416 ,
314 1358 366 1409 &
399 1359 605 1407 aliorum
638 1374 710 1406 res
737 1360 928 1406 venales
952 1377 1098 1426 expo-

119 1429 370 1487 nentium·,
399 1430 451 1480 &
466 1429 819 1476 clamitantium
832 1463 848 1485 ,
866 1428 1099 1496 perpetu&

117 1497 377 1566 streperet,
404 1496 661 1547 clamosam
680 1514 786 1546 eam
812 1511 954 1546 vocat
969 1498 1100 1547 idem

118 1569 361 1618 Martialis
379 1567 464 1617 lib.
489 1587 566 1621 12.
582 1569 717 1637 Epig.
741 1572 816 1616 18.

191 1639 308 1689 Dum
331 1653 378 1686 tu
383 1637 574 1710 firfitan
594 1643 811 1708 inquietus
831 1655 946 1687 erras

191 1709 392 1777 Clamosa
406 1712 663 1779 ‘Juvenalis
680 1715 729 1759 in
743 1707 908 1759 Subura
923 1747 934 1757 .

1149 375 1305 439 Campo
1331 371 1510 420 Martio
1528 372 1664 440 mens}
1680 371 1864 422 Οέῖοίὲνὶ
1885 381 2128 429 immolatur

1152 448 1380 511 quotannis
1407 441 1560 492 Mam·
1576 477 1592 499 ,
1626 443 1821 510 bigarum
1852 438 2130 498 Vibulenum

1151 515 1371 563 dexterior
1392 531 1402 559 ι
1425 512 1477 561 de
1500 518 1619 577 cujus
1635 519 1771 578 cupite
1790 534 1871 563 uon
1888 520 2008 568 levis
2026 538 2122 567 con-

1152 590 1286 634 tentio
1299 581 1466 653 solebat
1481 583 1557 649 effi
1576 587 1693 632 inter
1712 586 1745 636 S
1745 586 2027 656 uburunenfi’s
2037 623 2052 644 ,
2071 599 2124 637 Θ

1153 655 1187 705 S
1191 654 1494 721 acravienfi’s,
1529 668 1577 700 ut
1606 654 1657 701 hi
1686 658 1735 702 in
1764 658 1910 724 Regiae
1930 664 2125 726 pariete,

1151 728 1226 776 illi
1249 726 1308 774 acl
1319 724 1503 775 Turrim
1522 721 1589 772 M
1592 725 1788 773 amilium
1811 721 2054 796 idfigerent
2067 765 2078 774 .

1202 794 1293 849 Sed
1308 794 1423 843 nihil
1439 792 1497 841 ad
1518 792 1709 841 Suburae
1724 795 2006 862 dignitatem
2019 816 2122 868 per-

1150 866 1259 915 inde
1288 862 1444 912 facere
1471 861 1705 930 aliquibus
1736 865 1956 927 videtur,
1985 873 2126 936 quam

1149 934 1278 1002 quod
1299 935 1449 1003 prima
1465 934 1648 1001 Regio,
1663 931 1742 983 seu
1763 935 1936 988 Tribus
1956 936 2124 1007 scripta

1150 1006 1216 1055 est
1235 1041 1250 1063 ,
1276 1003 1389 1054 teste
1411 1007 1630 1056 Varrone
1654 1039 1671 1063 ‚
1706 1022 1806 1071 quae
1833 1007 1889 1055 ab
1916 1007 2012 1077 ipsa
2039 1015 2121 1058 Su-

1152 1075 1338 1124 buranae
1375 1091 1551 1122 nomen
1588 1075 1772 1122 invenit
1802 1112 1813 1123 .
1859 1079 1990 1127 Hinc
2016 1079 2082 1128 est
2107 1118 2123 1138 ,

1153 1147 1283 1213 quod
1299 1145 1489 1194 Tullius
1501 1145 1552 1192 de
1564 1147 1654 1211 lege
1670 1146 1879 1214 Agraria,
1895 1151 1973 1197 ait:
1990 1152 2033 1200 Α
2047 1152 2124 1200 Su-

1150 1217 1315 1267 burana
1338 1215 1460 1284 iisque
1486 1215 1544 1262 ud
1556 1214 1813 1286 Arnienfi’m
1841 1224 2012 1270 nomina
2040 1241 2120 1271 ve-

1149 1289 1249 1343 Hra
1258 1301 1466 1354 proponat
1479 1321 1489 1332 .
1509 1287 1680 1351 Neque
1698 1287 1810 1335 vero
1827 1290 1920 1337 alio
1936 1290 2122 1348 ordine,

1151 1359 1271 1405 dum
1294 1356 1470 1404 Tribus
1496 1353 1711 1407 Urbanas
1728 1373 2005 1416 enumerat,
2031 1362 2122 1407 uti-

1152 1440 1230 1474 tur
1251 1426 1426 1473 Plinius
1444 1444 1456 1473 ε
1495 1425 1653 1473 Aliter
1672 1425 1932 1491 Dionysius
1949 1465 1964 1486 ,
1997 1431 2076 1494 qui
2098 1433 2123 1478 εὶ

1150 1496 1363 1544 Palatina
1396 1495 1589 1562 incipit:
1624 1497 1894 1546 Conciliare
1925 1512 2123 1549 tamen-2

1152 1563 1375 1631 utrosque
1411 1566 1578 1611 nititur
1607 1567 1855 1614 Manutius
1887 1569 2120 1634 inquiens:

1152 1642 1263 1692 Rem
1280 1635 1483 1685 commode*
1495 1635 1605 1703 poffe
1622 1640 1874 1703 temperari,
1895 1655 1942 1686 ut
1958 1638 2123 1707 Diony

1135 1710 1230 1781 stus
1245 1708 1472 1763 Ordinem,
1484 1725 1558 1773 quo
1561 1703 1690 1774 fhfz‘a
1696 1709 1828 1774 sunt:
1856 1710 1984 1757 Varro
2001 1730 2092 1758 eum
2104 1747 2122 1768 ,

192 1780 307 1827 Non
328 1777 487 1830 edulia
508 1779 694 1829 tantum
712 1816 727 1838 ,
755 1778 927 1829 verum
954 1782 1099 1830 etiam
1152 1801 1229 1851 quo
1269 1778 1328 1826 ad
1357 1779 1556 1827 lationem
1582 1777 1793 1848 fhffiagii
1822 1777 2122 1837 vocabantur,

116 1847 443 1899 medicamina
477 1851 538 1907 'ad
571 1853 838 1900 Mulierum
874 1865 1095 1900 ornatum
1135 1851 1411 1923 speffaverit
1431 1884 1441 1894 .
1480 1849 1713 1914 Equidem
1746 1849 1863 1894 hanc
1895 1852 2123 1902 Varronis

116 1914 302 1968 ibidem
335 1920 685 1972 vendebantur:
714 1918 844 1987 quod
874 1918 938 1970 fic
955 1919 1093 1970 testa-

114 2000 196 2037 tur
212 1992 449 2041 Martialis
467 1991 550 2040 lib.
565 2012 614 2053 9.
634 1992 768 2061 Epig.
790 1995 867 2048 38.
938 1991 940 1994 ’
1002 2052 1009 2060 .

186 2061 296 2112 Ciam
306 2060 375 2130 fis
399 2063 491 2134 ipstz
519 2064 667 2122 domi,
704 2062 921 2130 mediaque
950 2064 1095 2112 oriiere

254 2131 422 2183 Subura
435 2171 450 2193 ,

186 2197 321 2256 fiant
336 2204 525 2275 abfintes
540 2207 595 2256 ὑ·
610 2204 696 2257 tibi
709 2239 725 2263 ,
751 2203 883 2254 Galla
898 2238 914 2260 2
945 2223 1064 2254 ‘'077²ae
1080 2240 1092 2251 ·

189 2269 362 2327 Tertio
378 2311 395 2333 ,
426 2274 555 2342 quod
574 2294 679 2325 eam
697 2275 932 2323 coluerint
949 2276 1095 2323 etiam

114 2338 437 2408 spestatiffimi
458 2347 567 2396 Viri
584 2383 600 2405 ,
629 2346 878 2395 Suetonius
894 2342 1062 2412 probat
1075 2381 1092 2404 ,

113 2414 196 2477 qui
215 2413 274 2462 de
291 2412 474 2466 Caesare
491 2431 650 2465 narrat
667 2453 682 2476 ,
714 2433 824 2465 eum
847 2415 1092 2485 habitcgffm

107 2486 252 2549 prima
265 2489 313 2533 in
327 2485 493 2536 Subura.
510 2489 687 2538 modicis
705 2486 879 2547 aedibus,
896 2505 947 2533 ac
968 2491 1096 2535 Mar-

116 2554 243 2603 tialis
264 2553 346 2603 lib.
369 2575 387 2604 1
400 2574 444 2603 2.
459 2560 542 2625 Ep.
561 2574 603 2617 3.
622 2558 679 2607 de
697 2557 841 2606 Stella
859 2555 1066 2606 Consule
1083 2592 1093 2603 .

192 2627 279 2678 Vel
283 2625 338 2696 fi
362 2629 560 2684 malueris
573 2666 589 2689 ,
614 2633 760 2695 prima
785 2627 988 2698 gradiere
1013 2628 1047 2678 S
1048 2646 1095 2676 uo

326 2695 458 2747 bura:

258 2766 396 2818 Atria
407 2770 517 2837 fitnt
536 2771 633 2819 illic
648 2770 844 2837 Confidis
872 2772 963 2820 alta
980 2771 1090 2816 mei.

188 2837 449 2889 Concludit
465 2841 670 2907 denique
689 2840 819 2889 idem
838 2837 1092 2890 Martinel-

117 2906 189 2954 lus
204 2940 222 2962 ,
260 2907 565 2959 intervallum
588 2908 709 2959 istud
729 2908 983 2961 obscurum
1004 2904 1094 2958 esse

114 2992 212 3024 non
248 2976 444 3043 potuisse
462 3016 478 3038 ,
516 2983 563 3028 in
601 2999 694 3047 quo
728 2984 1094 3030 Romanorum-2

114 3043 418 3094 Nobiliffimi
436 3049 813 3113 diversabantur3
825 3055 1002 3100 mirum
1021 3067 1093 3098 er-

117 3133 181 3185 go
200 3133 294 3165 non
313 3114 399 3167 effe
412 3153 428 3175 ‚
454 3118 488 3166 fi
506 3119 685 3170 Subura
704 3140 813 3170 cum
831 3124 967 3171 Sacra
985 3122 1091 3179 via,

39 3188 41 3191 ’
117 3187 212 3235 toti
233 3186 359 3240 Urbi
380 3187 684 3238 celeberrima
698 3228 713 3251 ,
727 3194 825 3261 pari
844 3211 1091 3262 propemo-

114 3255 237 3305 dum
258 3262 360 3322 jure
382 3255 714 3310 contenderet.
753 3265 841 3310 Ait
861 3266 989 3314 enim
1003 3268 1090 3313 Fe-

117 3324 211 3379 stus
235 3348 247 3377 ε
282 3328 465 3398 Otiober
488 3349 613 3401 equus
645 3335 877 3399 appellatur
892 3371 909 3396 ,
946 3340 1020 3406 qui
1041 3339 1092 3385 in

1145 1919 1278 1971 fuisse
1295 1931 1537 1974 mentem,
1564 1913 1800 1966 affirmare
1832 1935 1924 1965 non
1943 1918 2089 1968 ausim
2108 1942 2120 1968 ε

1145 1986 1387 2044 Caeterum
1402 1989 1489 2036 hoc
1507 1984 1680 2054 ipsum,
1695 1986 1824 2056 quod
1845 1989 1998 2055 prima
2016 1991 2124 2038 cita-

1146 2075 1278 2114 retur
1292 2095 1308 2117 ,
1330 2054 1698 2107 inhonorificum
1723 2053 1811 2107 effe
1833 2076 1926 2108 non
1940 2059 2119 2128 potest.

1215 2128 1502 2181 Notandum
1517 2125 1592 2175 hic
1612 2163 1627 2186 ,
1657 2141 1935 2197 temporum
1956 2129 2120 2178 decur-

1146 2204 1198 2253 su
1231 2200 1288 2250 ab
1318 2197 1525 2253 Urbanis
1557 2197 1801 2250 Tribubus
1832 2197 1891 2246 ad
1912 2199 2125 2249 Rusticas

1148 2269 1361 2325 defecisse
1390 2270 1635 2342 primarios
1650 2270 1803 2326 viros,
1831 2286 1888 2317 ex
1908 2287 2001 2335 quo
2020 2271 2120 2318 illa—

1146 2363 1253 2399 rum
1269 2340 1634 2409 amplitudinem
1651 2336 1782 2387 fuiffe
1802 2341 2125 2403 imminutam,

1146 2414 1228 2466 sed
1255 2431 1349 2462 non
1383 2410 1563 2459 idcirco
1593 2408 1783 2457 Suburae
1814 2409 1945 2456 suam
1971 2410 2124 2478 digni-

1149 2499 1299 2536 tatem
1322 2477 1502 2551 periisse
1522 2503 1536 2542 3
1574 2479 1749 2528 adeout
1774 2479 1931 2528 dicere
1950 2495 2121 2548 potue-

1146 2553 1475 2626 ritJuvenalis
1499 2555 1659 2618 Satyr.
1681 2565 1725 2608 3.

1149 2665 1159 2677 0
1181 2664 1191 2674 .
1212 2663 1222 2674 .
1249 2623 1337 2694 Ego
1355 2625 1441 2676 vel
1450 2623 1709 2690 Prochytam
1721 2634 1909 2687 praepono
1927 2623 1961 2672 S
1961 2620 2096 2671 uburae
2112 2659 2122 2669 2

1145 2694 1272 2768 quasi
1297 2695 1417 2743 nihil
1439 2691 1549 2744 effe-t
1568 2696 1616 2739 in
1641 2692 1774 2745 Urbe
1808 2690 2096 2761 praestantius
2113 2728 2123 2737 .

1217 2769 1333 2817 Haec
1353 2767 1379 2815 a
1399 2765 1638 2832 praecitato
1660 2762 1941 2814 Martinello
1970 2763 2125 2820 dista,

1145 2836 1352 2888 fideliter
1369 2833 1648 2903 exponenda
1672 2833 1818 2882 duxi.
1854 2832 2009 2886 Modo
2037 2834 2123 2881 iri-0

1144 2907 1378 2974 judicium
1399 2906 1464 2957 est
1480 2902 1720 2953 vocandus
1740 2905 1988 2953 Famianus
2005 2906 2125 2951 Nar-

1146 2979 1304 3036 dinus,
1318 2979 1399 3043 qui
1416 2978 1464 3023 in
1485 2974 1562 3023 sua
1577 2975 1717 3026 Roma
1732 2979 1908 3043 antiqua
1919 3011 1934 3031 ,
1956 2977 2002 3021 in
2024 2972 2123 3040 plue

1144 3049 1275 3107 ribus
1293 3049 1459 3104 aliter,
1485 3064 1536 3093 ac
1555 3047 1858 3095 Martinellus
1875 3044 2013 3092 sentit
2031 3078 2042 3089 .

1217 3123 1287 3168 At
1309 3131 1559 3183 antequam
1577 3115 1636 3165 ad
1655 3115 1858 3164 Nardini
1889 3113 2124 3161 narratio-

1143 3207 1254 3239 nem
1278 3188 1531 3238 deveniam
1545 3222 1561 3243 ,
1583 3203 1734 3253 operae
1753 3184 1960 3251 pretium
1977 3179 2125 3231 fuerit

1143 3260 1419 3309 summatim
1434 3255 1641 3321 ejusdem
1654 3251 1919 3302 assertiones
1930 3249 2122 3311 referre,

1142 3330 1253 3380 cum
1271 3347 1384 3397 opus
1407 3326 1712 3397 posthumum
1744 3341 1836 3371 non
1858 3321 1915 3371 fit
1939 3320 1996 3369 ab
2017 3325 2120 3369 Au*

1958 3391 2088 3448 ‹ftore
2103 3427 2120 3448 ,
