<?xml version="1.0" encoding="UTF-8"?>
<!DOCTYPE html PUBLIC "-//W3C//DTD XHTML 1.0 Transitional//EN"
    "http://www.w3.org/TR/xhtml1/DTD/xhtml1-transitional.dtd">
<html xmlns="http://www.w3.org/1999/xhtml" xml:lang="en" lang="en">
 <head>
  <title>
</title>
<meta http-equiv="Content-Type" content="text/html;charset=utf-8" />
  <meta name='ocr-system' content='tesseract 3.04.00' />
  <meta name='ocr-capabilities' content='ocr_page ocr_carea ocr_par ocr_line ocrx_word'/>
</head>
<body>
  <div class='ocr_page' id='page_1' title='image "./joannisciampinir01ciam_0241.png"; bbox 0 0 2425 3747; ppageno 0'>
   <div class='ocr_carea' id='block_1_1' title="bbox 691 200 1409 255">
    <p class='ocr_par' dir='ltr' id='par_1_1' title="bbox 691 200 1409 255">
     <span class='ocr_line' id='line_1_1' title="bbox 691 200 1409 255; baseline 0 -3"><span class='ocrx_word' id='word_1_1' title='bbox 691 202 1187 255; x_wconf 79' lang='lat' dir='ltr'><strong><em>CAPUT</em></strong></span> <span class='ocrx_word' id='word_1_2' title='bbox 1287 200 1409 253; x_wconf 89' lang='lat' dir='ltr'><em>XV.</em></span> 
     </span>
    </p>
   </div>
   <div class='ocr_carea' id='block_1_2' title="bbox 47 269 1047 3283">
    <p class='ocr_par' dir='ltr' id='par_1_2' title="bbox 47 269 1047 3283">
     <span class='ocr_line' id='line_1_2' title="bbox 64 269 1028 341; baseline -0.001 -19"><span class='ocrx_word' id='word_1_3' title='bbox 64 278 184 332; x_wconf 73' lang='lat' dir='ltr'><em>nens,</em></span> <span class='ocrx_word' id='word_1_4' title='bbox 211 278 260 322; x_wconf 83' lang='lat' dir='ltr'><em>in</em></span> <span class='ocrx_word' id='word_1_5' title='bbox 275 269 492 341; x_wconf 81' lang='lat' dir='ltr'><em>fovendis</em></span> <span class='ocrx_word' id='word_1_6' title='bbox 517 271 762 321; x_wconf 80' lang='lat' dir='ltr'><em>virtutibus</em></span> <span class='ocrx_word' id='word_1_7' title='bbox 788 272 1028 322; x_wconf 84' lang='lat' dir='ltr'><em>auditorum</em></span> 
     </span>
     <span class='ocr_line' id='line_1_3' title="bbox 63 344 1025 413; baseline 0 -21"><span class='ocrx_word' id='word_1_8' title='bbox 63 350 228 395; x_wconf 67' lang='lat' dir='ltr'><em>animos</em></span> <span class='ocrx_word' id='word_1_9' title='bbox 247 344 482 393; x_wconf 85' lang='lat' dir='ltr'><em>demulcens</em></span> <span class='ocrx_word' id='word_1_10' title='bbox 496 376 511 398; x_wconf 94' lang='lat'><em>,</em></span> <span class='ocrx_word' id='word_1_11' title='bbox 543 345 592 388; x_wconf 86' lang='lat' dir='ltr'><em>in</em></span> <span class='ocrx_word' id='word_1_12' title='bbox 621 345 938 409; x_wconf 82' lang='lat' dir='ltr'><em>tranquillitate</em></span> <span class='ocrx_word' id='word_1_13' title='bbox 950 346 1025 413; x_wconf 85' lang='lat' dir='ltr'><em>se-</em></span> 
     </span>
     <span class='ocr_line' id='line_1_4' title="bbox 63 414 850 481; baseline -0.005 -15"><span class='ocrx_word' id='word_1_14' title='bbox 63 419 273 466; x_wconf 75' lang='lat' dir='ltr'><em>veritatis</em></span> <span class='ocrx_word' id='word_1_15' title='bbox 299 434 371 464; x_wconf 88' lang='lat' dir='ltr'><em>cen</em></span> <span class='ocrx_word' id='word_1_16' title='bbox 393 431 510 462; x_wconf 86' lang='lat' dir='ltr'><em>uram</em></span> <span class='ocrx_word' id='word_1_17' title='bbox 529 431 611 461; x_wconf 89' lang='lat' dir='ltr'><em>non</em></span> <span class='ocrx_word' id='word_1_18' title='bbox 637 414 825 481; x_wconf 60' lang='lat' dir='ltr'><em>deserens</em></span> <span class='ocrx_word' id='word_1_19' title='bbox 840 452 850 462; x_wconf 91' lang='lat'><strong>.</strong></span> 
     </span>
     <span class='ocr_line' id='line_1_5' title="bbox 133 481 1028 549; baseline -0.003 -15"><span class='ocrx_word' id='word_1_20' title='bbox 133 481 340 534; x_wconf 64' lang='lat' dir='ltr'><em>Fortasse</em></span> <span class='ocrx_word' id='word_1_21' title='bbox 357 481 430 531; x_wconf 83' lang='lat' dir='ltr'><em>hic</em></span> <span class='ocrx_word' id='word_1_22' title='bbox 446 485 612 549; x_wconf 87' lang='lat' dir='ltr'><em>aliquis</em></span> <span class='ocrx_word' id='word_1_23' title='bbox 624 497 824 548; x_wconf 83' lang='lat' dir='ltr'><em>quaeret,</em></span> <span class='ocrx_word' id='word_1_24' title='bbox 837 502 893 531; x_wconf 92' lang='lat' dir='ltr'><em>an</em></span> <span class='ocrx_word' id='word_1_25' title='bbox 907 485 1028 533; x_wconf 91' lang='lat' dir='ltr'><em>Pon-</em></span> 
     </span>
     <span class='ocr_line' id='line_1_6' title="bbox 59 551 1027 604; baseline 0 -3"><span class='ocrx_word' id='word_1_26' title='bbox 59 551 183 604; x_wconf 79' lang='lat' dir='ltr'><em>tifex</em></span> <span class='ocrx_word' id='word_1_27' title='bbox 212 559 453 603; x_wconf 85' lang='lat' dir='ltr'><em>Romanus</em></span> <span class='ocrx_word' id='word_1_28' title='bbox 483 552 703 601; x_wconf 87' lang='lat' dir='ltr'><em>Pastorali</em></span> <span class='ocrx_word' id='word_1_29' title='bbox 731 551 898 603; x_wconf 85' lang='lat' dir='ltr'><em>baculo</em></span> <span class='ocrx_word' id='word_1_30' title='bbox 926 568 1027 602; x_wconf 87' lang='lat' dir='ltr'><em>uta-</em></span> 
     </span>
     <span class='ocr_line' id='line_1_7' title="bbox 63 621 1027 691; baseline 0 -19"><span class='ocrx_word' id='word_1_31' title='bbox 63 638 173 674; x_wconf 86' lang='lat' dir='ltr'><em>tur:</em></span> <span class='ocrx_word' id='word_1_32' title='bbox 214 624 433 691; x_wconf 66' lang='lat' dir='ltr'><em>negative</em></span> <span class='ocrx_word' id='word_1_33' title='bbox 468 623 722 691; x_wconf 84' lang='lat' dir='ltr'><em>respondet</em></span> <span class='ocrx_word' id='word_1_34' title='bbox 746 621 841 691; x_wconf 87' lang='lat' dir='ltr'><em>ipse</em></span> <span class='ocrx_word' id='word_1_35' title='bbox 885 628 1027 673; x_wconf 82' lang='lat' dir='ltr'><em>Inno-</em></span> 
     </span>
     <span class='ocr_line' id='line_1_8' title="bbox 60 692 1026 761; baseline -0.002 -20"><span class='ocrx_word' id='word_1_36' title='bbox 60 708 184 743; x_wconf 89' lang='lat' dir='ltr'><em>cent.</em></span> <span class='ocrx_word' id='word_1_37' title='bbox 207 696 300 742; x_wconf 92' lang='lat' dir='ltr'><strong>III.</strong></span> <span class='ocrx_word' id='word_1_38' title='bbox 319 706 372 740; x_wconf 87' lang='lat' dir='ltr'><em>ut</em></span> <span class='ocrx_word' id='word_1_39' title='bbox 387 693 435 741; x_wconf 90' lang='lat' dir='ltr'><em>in</em></span> <span class='ocrx_word' id='word_1_40' title='bbox 453 692 664 756; x_wconf 83' lang='lat' dir='ltr'><em>ejusdem</em></span> <span class='ocrx_word' id='word_1_41' title='bbox 682 694 816 742; x_wconf 64' lang='lat' dir='ltr'><em>Actis</em></span> <span class='ocrx_word' id='word_1_42' title='bbox 833 702 1026 761; x_wconf 84' lang='lat' dir='ltr'><em>pag.64.</em></span> 
     </span>
     <span class='ocr_line' id='line_1_9' title="bbox 59 761 1026 834; baseline -0.002 -23"><span class='ocrx_word' id='word_1_43' title='bbox 59 766 112 815; x_wconf 67' lang='grc' dir='ltr'><em>ὃ(</em></span> <span class='ocrx_word' id='word_1_44' title='bbox 129 761 211 811; x_wconf 87' lang='lat' dir='ltr'><em>lib.</em></span> <span class='ocrx_word' id='word_1_45' title='bbox 223 781 262 811; x_wconf 93' lang='lat'><em>1.</em></span> <span class='ocrx_word' id='word_1_46' title='bbox 282 765 472 812; x_wconf 86' lang='lat' dir='ltr'><em>Decret.</em></span> <span class='ocrx_word' id='word_1_47' title='bbox 488 782 527 810; x_wconf 88' lang='lat' dir='ltr'><em>c.</em></span> <span class='ocrx_word' id='word_1_48' title='bbox 542 765 594 813; x_wconf 86' lang='lat' dir='ltr'><em>de</em></span> <span class='ocrx_word' id='word_1_49' title='bbox 611 764 872 834; x_wconf 65' lang='lat' dir='ltr'><em>Sacrosanc‘i.</em></span> <span class='ocrx_word' id='word_1_50' title='bbox 889 764 1026 818; x_wconf 59' lang='lat' dir='ltr'><em>Unel.</em></span> 
     </span>
     <span class='ocr_line' id='line_1_10' title="bbox 60 830 1028 888; baseline 0.002 -9"><span class='ocrx_word' id='word_1_51' title='bbox 60 840 114 888; x_wconf 65' lang='lat' dir='ltr'><em>ss.</em></span> <span class='ocrx_word' id='word_1_52' title='bbox 144 831 221 881; x_wconf 87' lang='lat' dir='ltr'><em>fin.</em></span> <span class='ocrx_word' id='word_1_53' title='bbox 247 832 329 880; x_wconf 86' lang='lat' dir='ltr'><em>ubi</em></span> <span class='ocrx_word' id='word_1_54' title='bbox 350 830 442 882; x_wconf 84' lang='lat' dir='ltr'><em>fic:</em></span> <span class='ocrx_word' id='word_1_55' title='bbox 481 833 605 885; x_wconf 67' lang='lat' dir='ltr'><em>Licet</em></span> <span class='ocrx_word' id='word_1_56' title='bbox 631 835 848 886; x_wconf 86' lang='lat' dir='ltr'><em>Romanus</em></span> <span class='ocrx_word' id='word_1_57' title='bbox 877 835 1028 885; x_wconf 86' lang='lat' dir='ltr'><em>Ponti-</em></span> 
     </span>
     <span class='ocr_line' id='line_1_11' title="bbox 47 902 1027 972; baseline 0 -20"><span class='ocrx_word' id='word_1_58' title='bbox 47 902 142 972; x_wconf 74' lang='lat' dir='ltr'><em>fix</em></span> <span class='ocrx_word' id='word_1_59' title='bbox 178 922 259 951; x_wconf 89' lang='lat' dir='ltr'><em>non</em></span> <span class='ocrx_word' id='word_1_60' title='bbox 292 919 438 952; x_wconf 87' lang='lat' dir='ltr'><em>utatur</em></span> <span class='ocrx_word' id='word_1_61' title='bbox 472 904 614 954; x_wconf 83' lang='lat' dir='ltr'><em>baculo</em></span> <span class='ocrx_word' id='word_1_62' title='bbox 652 907 875 957; x_wconf 61' lang='lat' dir='ltr'><em>Panorali</em></span> <span class='ocrx_word' id='word_1_63' title='bbox 892 939 907 961; x_wconf 91' lang='lat'><em>,</em></span> <span class='ocrx_word' id='word_1_64' title='bbox 937 922 1027 953; x_wconf 85' lang='lat' dir='ltr'><em>tunt</em></span> 
     </span>
     <span class='ocr_line' id='line_1_12' title="bbox 54 973 1030 1043; baseline 0 -21"><span class='ocrx_word' id='word_1_65' title='bbox 54 987 227 1041; x_wconf 77' lang='lat' dir='ltr'><em>propter</em></span> <span class='ocrx_word' id='word_1_66' title='bbox 265 973 524 1033; x_wconf 55' lang='lat' dir='ltr'><em>historiam,</em></span> <span class='ocrx_word' id='word_1_67' title='bbox 557 992 646 1024; x_wconf 88' lang='lat' dir='ltr'><em>tum</em></span> <span class='ocrx_word' id='word_1_68' title='bbox 667 991 842 1043; x_wconf 85' lang='lat' dir='ltr'><em>propter</em></span> <span class='ocrx_word' id='word_1_69' title='bbox 873 975 1030 1042; x_wconf 60' lang='grc' dir='ltr'><em>111]Ηί-</em></span> 
     </span>
     <span class='ocr_line' id='line_1_13' title="bbox 61 1044 1029 1114; baseline -0.002 -21"><span class='ocrx_word' id='word_1_70' title='bbox 61 1062 153 1093; x_wconf 89' lang='lat' dir='ltr'><em>cam</em></span> <span class='ocrx_word' id='word_1_71' title='bbox 184 1048 407 1102; x_wconf 85' lang='lat' dir='ltr'><em>rationem,</em></span> <span class='ocrx_word' id='word_1_72' title='bbox 437 1062 526 1095; x_wconf 87' lang='lat' dir='ltr'><em>tum</em></span> <span class='ocrx_word' id='word_1_73' title='bbox 543 1050 672 1094; x_wconf 84' lang='lat' dir='ltr'><em>etiam</em></span> <span class='ocrx_word' id='word_1_74' title='bbox 689 1048 748 1094; x_wconf 83' lang='lat' dir='ltr'><em>ad</em></span> <span class='ocrx_word' id='word_1_75' title='bbox 761 1044 1029 1114; x_wconf 72' lang='lat' dir='ltr'><em>similitudi-</em></span> 
     </span>
     <span class='ocr_line' id='line_1_14' title="bbox 68 1117 1031 1183; baseline -0.002 -20"><span class='ocrx_word' id='word_1_76' title='bbox 68 1134 163 1163; x_wconf 78' lang='lat' dir='ltr'><em>nem</em></span> <span class='ocrx_word' id='word_1_77' title='bbox 194 1117 370 1164; x_wconf 86' lang='lat' dir='ltr'><em>aliorum</em></span> <span class='ocrx_word' id='word_1_78' title='bbox 386 1117 661 1183; x_wconf 82' lang='lat' dir='ltr'><em>Pontificum,</em></span> <span class='ocrx_word' id='word_1_79' title='bbox 676 1121 836 1181; x_wconf 84' lang='lat' dir='ltr'><em>poterit</em></span> <span class='ocrx_word' id='word_1_80' title='bbox 866 1134 908 1163; x_wconf 87' lang='lat' dir='ltr'><em>eo</em></span> <span class='ocrx_word' id='word_1_81' title='bbox 937 1119 1031 1162; x_wconf 86' lang='lat' dir='ltr'><em>uti.</em></span> 
     </span>
     <span class='ocr_line' id='line_1_15' title="bbox 55 1180 1033 1252; baseline 0.001 -22"><span class='ocrx_word' id='word_1_82' title='bbox 55 1188 226 1251; x_wconf 70' lang='lat' dir='ltr'><em>,Qam</em></span> <span class='ocrx_word' id='word_1_83' title='bbox 243 1183 482 1233; x_wconf 86' lang='lat' dir='ltr'><em>historiam</em></span> <span class='ocrx_word' id='word_1_84' title='bbox 497 1180 864 1252; x_wconf 82' lang='lat' dir='ltr'><em>Gloffographus</em></span> <span class='ocrx_word' id='word_1_85' title='bbox 895 1181 960 1229; x_wconf 91' lang='lat' dir='ltr'><em>ibi</em></span> <span class='ocrx_word' id='word_1_86' title='bbox 986 1187 1033 1231; x_wconf 91' lang='lat' dir='ltr'><em>in</em></span> 
     </span>
     <span class='ocr_line' id='line_1_16' title="bbox 62 1253 1032 1321; baseline -0.001 -18"><span class='ocrx_word' id='word_1_87' title='bbox 62 1254 213 1304; x_wconf 88' lang='lat' dir='ltr'><em>verbo</em></span> <span class='ocrx_word' id='word_1_88' title='bbox 251 1270 422 1321; x_wconf 84' lang='lat' dir='ltr'><em>propter</em></span> <span class='ocrx_word' id='word_1_89' title='bbox 451 1255 681 1303; x_wconf 66' lang='lat' dir='ltr'><em>hifloriam</em></span> <span class='ocrx_word' id='word_1_90' title='bbox 697 1290 713 1312; x_wconf 89' lang='lat'><em>,</em></span> <span class='ocrx_word' id='word_1_91' title='bbox 745 1253 804 1302; x_wconf 87' lang='lat' dir='ltr'><em>fic</em></span> <span class='ocrx_word' id='word_1_92' title='bbox 838 1268 994 1302; x_wconf 84' lang='lat' dir='ltr'><em>narrat</em></span> <span class='ocrx_word' id='word_1_93' title='bbox 1021 1274 1032 1301; x_wconf 75' lang='grc' dir='ltr'><em>τ</em></span> 
     </span>
     <span class='ocr_line' id='line_1_17' title="bbox 66 1324 1033 1393; baseline 0 -21"><span class='ocrx_word' id='word_1_94' title='bbox 66 1324 303 1377; x_wconf 83' lang='lat' dir='ltr'><em>Martialis</em></span> <span class='ocrx_word' id='word_1_95' title='bbox 316 1342 422 1373; x_wconf 89' lang='lat' dir='ltr'><em>unus</em></span> <span class='ocrx_word' id='word_1_96' title='bbox 438 1325 489 1373; x_wconf 89' lang='lat' dir='ltr'><em>de</em></span> <span class='ocrx_word' id='word_1_97' title='bbox 503 1325 743 1393; x_wconf 75' lang='lat' dir='ltr'><em>Discipulis</em></span> <span class='ocrx_word' id='word_1_98' title='bbox 761 1326 903 1380; x_wconf 87' lang='lat' dir='ltr'><em>Petri,</em></span> <span class='ocrx_word' id='word_1_99' title='bbox 916 1342 1033 1390; x_wconf 85' lang='lat' dir='ltr'><em>quem</em></span> 
     </span>
     <span class='ocr_line' id='line_1_18' title="bbox 58 1395 1032 1463; baseline 0 -20"><span class='ocrx_word' id='word_1_100' title='bbox 58 1397 202 1463; x_wconf 79' lang='lat' dir='ltr'><em>posuit</em></span> <span class='ocrx_word' id='word_1_101' title='bbox 218 1395 430 1444; x_wconf 84' lang='lat' dir='ltr'><em>Dominus</em></span> <span class='ocrx_word' id='word_1_102' title='bbox 455 1399 569 1443; x_wconf 82' lang='lat' dir='ltr'><em>inter</em></span> <span class='ocrx_word' id='word_1_103' title='bbox 585 1396 829 1463; x_wconf 76' lang='lat' dir='ltr'><em>Discipulos</em></span> <span class='ocrx_word' id='word_1_104' title='bbox 853 1399 944 1442; x_wconf 77' lang='lat' dir='ltr'><em>cum</em></span> <span class='ocrx_word' id='word_1_105' title='bbox 961 1395 1032 1443; x_wconf 86' lang='lat' dir='ltr'><em>di-</em></span> 
     </span>
     <span class='ocr_line' id='line_1_19' title="bbox 67 1464 1035 1533; baseline 0.001 -19"><span class='ocrx_word' id='word_1_106' title='bbox 67 1470 172 1514; x_wconf 84' lang='lat' dir='ltr'><em>xit:</em></span> <span class='ocrx_word' id='word_1_107' title='bbox 190 1464 302 1533; x_wconf 72' lang='lat' dir='ltr'><em>Nist</em></span> <span class='ocrx_word' id='word_1_108' title='bbox 311 1465 557 1532; x_wconf 59' lang='lat' dir='ltr'><em>efficiamini</em></span> <span class='ocrx_word' id='word_1_109' title='bbox 558 1465 675 1533; x_wconf 76' lang='lat' dir='ltr'><em>sicut</em></span> <span class='ocrx_word' id='word_1_110' title='bbox 682 1468 899 1531; x_wconf 75' lang='lat' dir='ltr'><em>parvulus</em></span> <span class='ocrx_word' id='word_1_111' title='bbox 916 1466 1003 1515; x_wconf 57' lang='lat' dir='ltr'><em>ifle</em></span> <span class='ocrx_word' id='word_1_112' title='bbox 1018 1502 1035 1523; x_wconf 91' lang='lat'><em>,</em></span> 
     </span>
     <span class='ocr_line' id='line_1_20' title="bbox 64 1533 1031 1604; baseline 0.001 -24"><span class='ocrx_word' id='word_1_113' title='bbox 64 1552 147 1582; x_wconf 84' lang='lat' dir='ltr'><em>non</em></span> <span class='ocrx_word' id='word_1_114' title='bbox 177 1533 404 1584; x_wconf 76' lang='lat' dir='ltr'><em>intrabitis</em></span> <span class='ocrx_word' id='word_1_115' title='bbox 435 1541 483 1585; x_wconf 90' lang='lat' dir='ltr'><em>in</em></span> <span class='ocrx_word' id='word_1_116' title='bbox 501 1537 697 1604; x_wconf 80' lang='lat' dir='ltr'><em>Regnum</em></span> <span class='ocrx_word' id='word_1_117' title='bbox 735 1538 923 1585; x_wconf 85' lang='lat' dir='ltr'><em>coelorum</em></span> <span class='ocrx_word' id='word_1_118' title='bbox 940 1540 1031 1585; x_wconf 63' lang='lat' dir='ltr'><em>&amp;a</em></span> 
     </span>
     <span class='ocr_line' id='line_1_21' title="bbox 65 1606 1031 1673; baseline -0.002 -18"><span class='ocrx_word' id='word_1_119' title='bbox 65 1623 185 1673; x_wconf 78' lang='lat' dir='ltr'><em>quem</em></span> <span class='ocrx_word' id='word_1_120' title='bbox 216 1606 367 1669; x_wconf 58' lang='lat' dir='ltr'><em>postea</em></span> <span class='ocrx_word' id='word_1_121' title='bbox 398 1608 553 1656; x_wconf 84' lang='lat' dir='ltr'><em>Petrus</em></span> <span class='ocrx_word' id='word_1_122' title='bbox 591 1625 682 1653; x_wconf 87' lang='lat' dir='ltr'><em>cum</em></span> <span class='ocrx_word' id='word_1_123' title='bbox 715 1609 798 1655; x_wconf 86' lang='lat' dir='ltr'><em>alio</em></span> <span class='ocrx_word' id='word_1_124' title='bbox 823 1641 839 1663; x_wconf 92' lang='lat'><em>,</em></span> <span class='ocrx_word' id='word_1_125' title='bbox 857 1607 1031 1672; x_wconf 85' lang='lat' dir='ltr'><em>scilieet</em></span> 
     </span>
     <span class='ocr_line' id='line_1_22' title="bbox 66 1673 1028 1741; baseline -0.004 -15"><span class='ocrx_word' id='word_1_126' title='bbox 66 1673 281 1726; x_wconf 77' lang='lat' dir='ltr'><em>Matthaeo</em></span> <span class='ocrx_word' id='word_1_127' title='bbox 296 1708 312 1731; x_wconf 89' lang='lat'><em>,</em></span> <span class='ocrx_word' id='word_1_128' title='bbox 329 1676 387 1723; x_wconf 86' lang='lat' dir='ltr'><em>ad</em></span> <span class='ocrx_word' id='word_1_129' title='bbox 392 1676 705 1741; x_wconf 86' lang='lat' dir='ltr'><em>praedicandum</em></span> <span class='ocrx_word' id='word_1_130' title='bbox 725 1675 841 1741; x_wconf 80' lang='lat' dir='ltr'><em>mifit</em></span> <span class='ocrx_word' id='word_1_131' title='bbox 856 1680 904 1722; x_wconf 92' lang='lat' dir='ltr'><em>in</em></span> <span class='ocrx_word' id='word_1_132' title='bbox 920 1676 1028 1723; x_wconf 87' lang='lat' dir='ltr'><em>Ger-</em></span> 
     </span>
     <span class='ocr_line' id='line_1_23' title="bbox 69 1745 1030 1811; baseline -0.002 -18"><span class='ocrx_word' id='word_1_133' title='bbox 69 1749 278 1801; x_wconf 82' lang='lat' dir='ltr'><em>maniam,</em></span> <span class='ocrx_word' id='word_1_134' title='bbox 294 1749 370 1811; x_wconf 85' lang='lat' dir='ltr'><em>qui</em></span> <span class='ocrx_word' id='word_1_135' title='bbox 384 1749 476 1794; x_wconf 67' lang='lat' dir='ltr'><em>cum</em></span> <span class='ocrx_word' id='word_1_136' title='bbox 494 1751 578 1794; x_wconf 78' lang='lat' dir='ltr'><em>iret</em></span> <span class='ocrx_word' id='word_1_137' title='bbox 595 1762 779 1793; x_wconf 85' lang='lat' dir='ltr'><em>mortuus</em></span> <span class='ocrx_word' id='word_1_138' title='bbox 794 1745 878 1801; x_wconf 67' lang='lat' dir='ltr'><em>eff,</em></span> <span class='ocrx_word' id='word_1_139' title='bbox 895 1746 950 1793; x_wconf 57' lang='grc' dir='ltr'><strong><em>Θ</em></strong></span> <span class='ocrx_word' id='word_1_140' title='bbox 964 1764 1030 1792; x_wconf 79' lang='lat' dir='ltr'><em>re·</em></span> 
     </span>
     <span class='ocr_line' id='line_1_24' title="bbox 65 1815 1038 1881; baseline -0.002 -18"><span class='ocrx_word' id='word_1_141' title='bbox 65 1815 158 1863; x_wconf 65' lang='lat' dir='ltr'><em>diii</em></span> <span class='ocrx_word' id='word_1_142' title='bbox 183 1815 338 1881; x_wconf 83' lang='lat' dir='ltr'><em>collega</em></span> <span class='ocrx_word' id='word_1_143' title='bbox 369 1816 429 1862; x_wconf 83' lang='lat' dir='ltr'><em>ad</em></span> <span class='ocrx_word' id='word_1_144' title='bbox 452 1816 627 1864; x_wconf 83' lang='lat' dir='ltr'><em>Petrum</em></span> <span class='ocrx_word' id='word_1_145' title='bbox 645 1850 660 1872; x_wconf 94' lang='lat'>‚</span> <span class='ocrx_word' id='word_1_146' title='bbox 689 1817 744 1864; x_wconf 56' lang='grc' dir='ltr'><em>Θ</em></span> <span class='ocrx_word' id='word_1_147' title='bbox 762 1816 914 1865; x_wconf 85' lang='lat' dir='ltr'><em>Petrus</em></span> <span class='ocrx_word' id='word_1_148' title='bbox 946 1819 1038 1862; x_wconf 81' lang='lat' dir='ltr'><em>ait:</em></span> 
     </span>
     <span class='ocr_line' id='line_1_25' title="bbox 67 1881 1040 1952; baseline -0.002 -20"><span class='ocrx_word' id='word_1_149' title='bbox 67 1884 230 1949; x_wconf 83' lang='lat' dir='ltr'><em>Accipe</em></span> <span class='ocrx_word' id='word_1_150' title='bbox 246 1881 437 1932; x_wconf 88' lang='lat' dir='ltr'><em>baculum</em></span> <span class='ocrx_word' id='word_1_151' title='bbox 456 1918 469 1939; x_wconf 92' lang='lat'><em>,</em></span> <span class='ocrx_word' id='word_1_152' title='bbox 498 1887 553 1933; x_wconf 69' lang='lat'><em>&amp;¹</em></span> <span class='ocrx_word' id='word_1_153' title='bbox 569 1900 749 1952; x_wconf 83' lang='lat' dir='ltr'><em>tangens</em></span> <span class='ocrx_word' id='word_1_154' title='bbox 765 1903 854 1932; x_wconf 87' lang='lat' dir='ltr'><em>eum</em></span> <span class='ocrx_word' id='word_1_155' title='bbox 871 1884 942 1931; x_wconf 86' lang='lat' dir='ltr'><em>dic</em></span> <span class='ocrx_word' id='word_1_156' title='bbox 958 1918 972 1939; x_wconf 89' lang='lat'><em>,</em></span> <span class='ocrx_word' id='word_1_157' title='bbox 993 1900 1040 1931; x_wconf 85' lang='lat' dir='ltr'><em>ue</em></span> 
     </span>
     <span class='ocr_line' id='line_1_26' title="bbox 63 1952 1039 2021; baseline -0.004 -18"><span class='ocrx_word' id='word_1_158' title='bbox 63 1957 115 2003; x_wconf 87' lang='lat' dir='ltr'><em>in</em></span> <span class='ocrx_word' id='word_1_159' title='bbox 149 1956 317 2002; x_wconf 89' lang='lat' dir='ltr'><em>nomine</em></span> <span class='ocrx_word' id='word_1_160' title='bbox 333 1952 517 2002; x_wconf 88' lang='lat' dir='ltr'><em>Domini</em></span> <span class='ocrx_word' id='word_1_161' title='bbox 533 1954 704 2021; x_wconf 68' lang='lat' dir='ltr'><em>surgat,</em></span> <span class='ocrx_word' id='word_1_162' title='bbox 732 1956 786 2004; x_wconf 66' lang='lat' dir='ltr'><em>(J</em></span> <span class='ocrx_word' id='word_1_163' title='bbox 808 1953 1039 2019; x_wconf 85' lang='lat' dir='ltr'><em>praedicet:</em></span> 
     </span>
     <span class='ocr_line' id='line_1_27' title="bbox 62 2022 1039 2093; baseline 0 -21"><span class='ocrx_word' id='word_1_164' title='bbox 62 2039 114 2072; x_wconf 85' lang='lat' dir='ltr'><em>at</em></span> <span class='ocrx_word' id='word_1_165' title='bbox 142 2025 221 2072; x_wconf 86' lang='lat' dir='ltr'><em>ille</em></span> <span class='ocrx_word' id='word_1_166' title='bbox 247 2026 296 2071; x_wconf 88' lang='lat' dir='ltr'><em>in</em></span> <span class='ocrx_word' id='word_1_167' title='bbox 330 2023 637 2093; x_wconf 66' lang='lat' dir='ltr'><em>quadragefimo</em></span> <span class='ocrx_word' id='word_1_168' title='bbox 669 2022 741 2071; x_wconf 84' lang='lat' dir='ltr'><em>die</em></span> <span class='ocrx_word' id='word_1_169' title='bbox 764 2028 789 2073; x_wconf 72' lang='grc' dir='ltr'><em>ἃ</em></span> <span class='ocrx_word' id='word_1_170' title='bbox 819 2037 1039 2088; x_wconf 54' lang='lat' dir='ltr'><em>tempore-2</em></span> 
     </span>
     <span class='ocr_line' id='line_1_28' title="bbox 65 2094 1039 2161; baseline -0.003 -18"><span class='ocrx_word' id='word_1_171' title='bbox 65 2098 216 2143; x_wconf 85' lang='lat' dir='ltr'><em>mortis</em></span> <span class='ocrx_word' id='word_1_172' title='bbox 240 2096 391 2161; x_wconf 79' lang='lat' dir='ltr'><em>tetigit</em></span> <span class='ocrx_word' id='word_1_173' title='bbox 407 2113 514 2150; x_wconf 88' lang='lat' dir='ltr'><em>eum,</em></span> <span class='ocrx_word' id='word_1_174' title='bbox 530 2097 584 2143; x_wconf 56' lang='grc' dir='ltr'><em>(Ὺ</em></span> <span class='ocrx_word' id='word_1_175' title='bbox 597 2094 849 2161; x_wconf 69' lang='lat' dir='ltr'><em>resurrexit,</em></span> <span class='ocrx_word' id='word_1_176' title='bbox 866 2098 919 2145; x_wconf 71' lang='lat'><em>&amp;¹</em></span> <span class='ocrx_word' id='word_1_177' title='bbox 930 2107 1039 2158; x_wconf 86' lang='lat' dir='ltr'><em>prae-</em></span> 
     </span>
     <span class='ocr_line' id='line_1_29' title="bbox 65 2164 1039 2232; baseline -0.005 -17"><span class='ocrx_word' id='word_1_178' title='bbox 65 2168 247 2215; x_wconf 78' lang='lat' dir='ltr'><em>dicavit</em></span> <span class='ocrx_word' id='word_1_179' title='bbox 264 2183 278 2222; x_wconf 82' lang='lat'>3</span> <span class='ocrx_word' id='word_1_180' title='bbox 293 2166 348 2212; x_wconf 71' lang='lat'><em>&amp;¹</em></span> <span class='ocrx_word' id='word_1_181' title='bbox 365 2167 429 2211; x_wconf 85' lang='lat' dir='ltr'><em>ita</em></span> <span class='ocrx_word' id='word_1_182' title='bbox 447 2164 601 2214; x_wconf 87' lang='lat' dir='ltr'><em>Petrus</em></span> <span class='ocrx_word' id='word_1_183' title='bbox 617 2167 805 2212; x_wconf 80' lang='lat' dir='ltr'><em>removit</em></span> <span class='ocrx_word' id='word_1_184' title='bbox 822 2166 904 2232; x_wconf 76' lang='lat' dir='ltr'><em>ase</em></span> <span class='ocrx_word' id='word_1_185' title='bbox 917 2164 1039 2211; x_wconf 87' lang='lat' dir='ltr'><em>bacu-</em></span> 
     </span>
     <span class='ocr_line' id='line_1_30' title="bbox 68 2230 1039 2303; baseline -0.006 -19"><span class='ocrx_word' id='word_1_186' title='bbox 68 2239 175 2292; x_wconf 85' lang='lat' dir='ltr'><em>lum,</em></span> <span class='ocrx_word' id='word_1_187' title='bbox 191 2237 246 2284; x_wconf 64' lang='grc' dir='ltr'><em>ὼ·</em></span> <span class='ocrx_word' id='word_1_188' title='bbox 261 2231 384 2282; x_wconf 86' lang='lat' dir='ltr'><em>dedit</em></span> <span class='ocrx_word' id='word_1_189' title='bbox 388 2233 584 2303; x_wconf 85' lang='lat' dir='ltr'><em>subditis</em></span> <span class='ocrx_word' id='word_1_190' title='bbox 601 2269 610 2279; x_wconf 90' lang='lat'><strong><em>.</em></strong></span> <span class='ocrx_word' id='word_1_191' title='bbox 637 2233 882 2282; x_wconf 62' lang='lat' dir='ltr'><em>Hastenus</em></span> <span class='ocrx_word' id='word_1_192' title='bbox 899 2230 1039 2281; x_wconf 84' lang='lat' dir='ltr'><em>Glos-</em></span> 
     </span>
     <span class='ocr_line' id='line_1_31' title="bbox 64 2299 1039 2370; baseline -0.005 -16"><span class='ocrx_word' id='word_1_193' title='bbox 64 2304 193 2354; x_wconf 74' lang='lat' dir='ltr'><em>sator</em></span> <span class='ocrx_word' id='word_1_194' title='bbox 207 2338 218 2349; x_wconf 88' lang='lat'><strong>.</strong></span> <span class='ocrx_word' id='word_1_195' title='bbox 248 2303 467 2351; x_wconf 86' lang='lat' dir='ltr'><em>Succedit</em></span> <span class='ocrx_word' id='word_1_196' title='bbox 484 2299 761 2370; x_wconf 79' lang='lat' dir='ltr'><em>significatio</em></span> <span class='ocrx_word' id='word_1_197' title='bbox 781 2301 1039 2352; x_wconf 88' lang='lat' dir='ltr'><em>verborum</em></span> 
     </span>
     <span class='ocr_line' id='line_1_32' title="bbox 59 2371 1040 2444; baseline -0.005 -20"><span class='ocrx_word' id='word_1_198' title='bbox 59 2390 233 2444; x_wconf 82' lang='lat' dir='ltr'><em>propter</em></span> <span class='ocrx_word' id='word_1_199' title='bbox 249 2374 476 2441; x_wconf 58' lang='lat' dir='ltr'><em>mysticam</em></span> <span class='ocrx_word' id='word_1_200' title='bbox 500 2379 726 2430; x_wconf 86' lang='lat' dir='ltr'><em>rationem,</em></span> <span class='ocrx_word' id='word_1_201' title='bbox 742 2391 841 2439; x_wconf 82' lang='lat' dir='ltr'><em>quae</em></span> <span class='ocrx_word' id='word_1_202' title='bbox 872 2371 932 2420; x_wconf 87' lang='lat' dir='ltr'><em>fic</em></span> <span class='ocrx_word' id='word_1_203' title='bbox 968 2371 1040 2420; x_wconf 89' lang='lat' dir='ltr'><em>di-</em></span> 
     </span>
     <span class='ocr_line' id='line_1_33' title="bbox 70 2441 1043 2511; baseline -0.003 -17"><span class='ocrx_word' id='word_1_204' title='bbox 70 2444 252 2494; x_wconf 79' lang='lat' dir='ltr'><em>lucidat</em></span> <span class='ocrx_word' id='word_1_205' title='bbox 281 2441 471 2494; x_wconf 79' lang='lat' dir='ltr'><em>Gloffa:</em></span> <span class='ocrx_word' id='word_1_206' title='bbox 505 2445 686 2509; x_wconf 84' lang='lat' dir='ltr'><em>Propter</em></span> <span class='ocrx_word' id='word_1_207' title='bbox 714 2444 940 2511; x_wconf 57' lang='lat' dir='ltr'><em>mysticam</em></span> <span class='ocrx_word' id='word_1_208' title='bbox 972 2460 1043 2491; x_wconf 90' lang='lat' dir='ltr'><em>ra-</em></span> 
     </span>
     <span class='ocr_line' id='line_1_34' title="bbox 70 2513 1042 2582; baseline -0.004 -16"><span class='ocrx_word' id='word_1_209' title='bbox 70 2521 247 2570; x_wconf 83' lang='lat' dir='ltr'><em>tionem,</em></span> <span class='ocrx_word' id='word_1_210' title='bbox 265 2517 364 2582; x_wconf 88' lang='lat' dir='ltr'><em>quia</em></span> <span class='ocrx_word' id='word_1_211' title='bbox 387 2514 559 2564; x_wconf 83' lang='lat' dir='ltr'><em>baculus</em></span> <span class='ocrx_word' id='word_1_212' title='bbox 588 2513 713 2562; x_wconf 80' lang='lat' dir='ltr'><em>habet</em></span> <span class='ocrx_word' id='word_1_213' title='bbox 742 2519 789 2563; x_wconf 89' lang='lat' dir='ltr'><em>in</em></span> <span class='ocrx_word' id='word_1_214' title='bbox 811 2515 1042 2582; x_wconf 76' lang='lat' dir='ltr'><em>summita-</em></span> 
     </span>
     <span class='ocr_line' id='line_1_35' title="bbox 69 2584 1047 2651; baseline -0.003 -15"><span class='ocrx_word' id='word_1_215' title='bbox 69 2603 114 2636; x_wconf 78' lang='lat' dir='ltr'><em>te</em></span> <span class='ocrx_word' id='word_1_216' title='bbox 140 2589 483 2635; x_wconf 83' lang='lat' dir='ltr'><em>recurvationem</em></span> <span class='ocrx_word' id='word_1_217' title='bbox 513 2584 633 2651; x_wconf 79' lang='lat' dir='ltr'><em>quasi</em></span> <span class='ocrx_word' id='word_1_218' title='bbox 656 2584 716 2632; x_wconf 85' lang='lat' dir='ltr'><em>ad</em></span> <span class='ocrx_word' id='word_1_219' title='bbox 738 2586 1047 2646; x_wconf 69' lang='lat' dir='ltr'><em>trahendum-‚3</em></span> 
     </span>
     <span class='ocr_line' id='line_1_36' title="bbox 71 2654 1042 2727; baseline -0.002 -22"><span class='ocrx_word' id='word_1_220' title='bbox 71 2657 184 2727; x_wconf 79' lang='lat' dir='ltr'><em>quod</em></span> <span class='ocrx_word' id='word_1_221' title='bbox 211 2672 291 2702; x_wconf 87' lang='lat' dir='ltr'><em>non</em></span> <span class='ocrx_word' id='word_1_222' title='bbox 319 2655 387 2704; x_wconf 74' lang='lat' dir='ltr'><em>efl</em></span> <span class='ocrx_word' id='word_1_223' title='bbox 403 2654 671 2721; x_wconf 69' lang='lat' dir='ltr'><em>necffrium</em></span> <span class='ocrx_word' id='word_1_224' title='bbox 687 2654 876 2704; x_wconf 85' lang='lat' dir='ltr'><em>Romano</em></span> <span class='ocrx_word' id='word_1_225' title='bbox 890 2656 1042 2705; x_wconf 88' lang='lat' dir='ltr'><em>Ponti-</em></span> 
     </span>
     <span class='ocr_line' id='line_1_37' title="bbox 57 2723 1043 2797; baseline 0.002 -23"><span class='ocrx_word' id='word_1_226' title='bbox 57 2731 147 2797; x_wconf 76' lang='lat' dir='ltr'><em>fici</em></span> <span class='ocrx_word' id='word_1_227' title='bbox 165 2761 179 2783; x_wconf 98' lang='lat'><em>,</em></span> <span class='ocrx_word' id='word_1_228' title='bbox 208 2729 307 2793; x_wconf 85' lang='lat' dir='ltr'><em>quia</em></span> <span class='ocrx_word' id='word_1_229' title='bbox 324 2726 466 2775; x_wconf 83' lang='lat' dir='ltr'><em>nullus</em></span> <span class='ocrx_word' id='word_1_230' title='bbox 495 2723 546 2771; x_wconf 82' lang='lat' dir='ltr'><em>ab</em></span> <span class='ocrx_word' id='word_1_231' title='bbox 575 2726 652 2773; x_wconf 91' lang='lat' dir='ltr'><em>illo</em></span> <span class='ocrx_word' id='word_1_232' title='bbox 667 2724 887 2774; x_wconf 84' lang='lat' dir='ltr'><em>divertere</em></span> <span class='ocrx_word' id='word_1_233' title='bbox 896 2728 1043 2790; x_wconf 60' lang='lat' dir='ltr'><em>potes}</em></span> 
     </span>
     <span class='ocr_line' id='line_1_38' title="bbox 58 2794 1043 2866; baseline 0.002 -23"><span class='ocrx_word' id='word_1_234' title='bbox 58 2798 285 2866; x_wconf 77' lang='lat' dir='ltr'><em>finaliter,</em></span> <span class='ocrx_word' id='word_1_235' title='bbox 297 2798 396 2862; x_wconf 85' lang='lat' dir='ltr'><em>quia</em></span> <span class='ocrx_word' id='word_1_236' title='bbox 410 2794 595 2863; x_wconf 78' lang='lat' dir='ltr'><em>Ecclesia</em></span> <span class='ocrx_word' id='word_1_237' title='bbox 613 2812 692 2842; x_wconf 89' lang='lat' dir='ltr'><em>non</em></span> <span class='ocrx_word' id='word_1_238' title='bbox 700 2798 843 2859; x_wconf 58' lang='lat' dir='ltr'><em>potest</em></span> <span class='ocrx_word' id='word_1_239' title='bbox 857 2796 933 2864; x_wconf 72' lang='lat' dir='ltr'><em>ff</em></span> <span class='ocrx_word' id='word_1_240' title='bbox 949 2798 1043 2845; x_wconf 85' lang='lat' dir='ltr'><em>nul-</em></span> 
     </span>
     <span class='ocr_line' id='line_1_39' title="bbox 71 2864 1044 2934; baseline 0 -19"><span class='ocrx_word' id='word_1_241' title='bbox 71 2869 118 2915; x_wconf 84' lang='lat' dir='ltr'><em>la</em></span> <span class='ocrx_word' id='word_1_242' title='bbox 133 2889 148 2927; x_wconf 76' lang='lat'>3</span> <span class='ocrx_word' id='word_1_243' title='bbox 175 2869 259 2916; x_wconf 82' lang='lat' dir='ltr'><em>vel</em></span> <span class='ocrx_word' id='word_1_244' title='bbox 270 2869 368 2932; x_wconf 84' lang='lat' dir='ltr'><em>quia</em></span> <span class='ocrx_word' id='word_1_245' title='bbox 378 2878 455 2929; x_wconf 83' lang='lat' dir='ltr'><em>per</em></span> <span class='ocrx_word' id='word_1_246' title='bbox 467 2866 661 2914; x_wconf 85' lang='lat' dir='ltr'><em>haculum</em></span> <span class='ocrx_word' id='word_1_247' title='bbox 676 2864 918 2934; x_wconf 78' lang='lat' dir='ltr'><em>defignatur</em></span> <span class='ocrx_word' id='word_1_248' title='bbox 933 2886 1044 2915; x_wconf 90' lang='lat' dir='ltr'><em>coer-</em></span> 
     </span>
     <span class='ocr_line' id='line_1_40' title="bbox 74 2935 1044 3004; baseline 0.001 -18"><span class='ocrx_word' id='word_1_249' title='bbox 74 2937 274 3003; x_wconf 79' lang='lat' dir='ltr'><em>tio,stve</em></span> <span class='ocrx_word' id='word_1_250' title='bbox 295 2935 558 3002; x_wconf 69' lang='lat' dir='ltr'><em>caf‘t&#39;igatio3</em></span> <span class='ocrx_word' id='word_1_251' title='bbox 592 2935 685 2983; x_wconf 73' lang='lat' dir='ltr'><em>ideo</em></span> <span class='ocrx_word' id='word_1_252' title='bbox 715 2939 797 2985; x_wconf 92' lang='lat' dir='ltr'><em>alii</em></span> <span class='ocrx_word' id='word_1_253' title='bbox 813 2938 1044 3004; x_wconf 79' lang='lat' dir='ltr'><em>Pontifices</em></span> 
     </span>
     <span class='ocr_line' id='line_1_41' title="bbox 75 3004 1044 3075; baseline -0.003 -18"><span class='ocrx_word' id='word_1_254' title='bbox 75 3011 290 3071; x_wconf 77' lang='lat' dir='ltr'><em>recipiunt</em></span> <span class='ocrx_word' id='word_1_255' title='bbox 302 3011 325 3055; x_wconf 75' lang='lat' dir='ltr'><em>a</em></span> <span class='ocrx_word' id='word_1_256' title='bbox 330 3007 372 3074; x_wconf 86' lang='lat' dir='ltr'><em>s</em></span> <span class='ocrx_word' id='word_1_257' title='bbox 361 3009 429 3053; x_wconf 89' lang='lat' dir='ltr'><em>uis</em></span> <span class='ocrx_word' id='word_1_258' title='bbox 435 3004 727 3072; x_wconf 83' lang='lat' dir='ltr'><em>superioribus</em></span> <span class='ocrx_word' id='word_1_259' title='bbox 741 3006 926 3063; x_wconf 76' lang='lat' dir='ltr'><em>baculos,</em></span> <span class='ocrx_word' id='word_1_260' title='bbox 944 3012 1044 3075; x_wconf 86' lang='lat' dir='ltr'><em>quia</em></span> 
     </span>
     <span class='ocr_line' id='line_1_42' title="bbox 77 3076 1043 3139; baseline -0.001 -13"><span class='ocrx_word' id='word_1_261' title='bbox 77 3076 129 3127; x_wconf 87' lang='lat' dir='ltr'><em>ab</em></span> <span class='ocrx_word' id='word_1_262' title='bbox 148 3078 315 3125; x_wconf 85' lang='lat' dir='ltr'><em>homine</em></span> <span class='ocrx_word' id='word_1_263' title='bbox 338 3077 590 3138; x_wconf 63' lang='lat' dir='ltr'><em>potestatem</em></span> <span class='ocrx_word' id='word_1_264' title='bbox 615 3079 850 3139; x_wconf 81' lang='lat' dir='ltr'><em>recipiunt:</em></span> <span class='ocrx_word' id='word_1_265' title='bbox 885 3077 1043 3127; x_wconf 85' lang='lat' dir='ltr'><em>Roma-</em></span> 
     </span>
     <span class='ocr_line' id='line_1_43' title="bbox 76 3142 1041 3215; baseline 0.003 -22"><span class='ocrx_word' id='word_1_266' title='bbox 76 3165 156 3198; x_wconf 82' lang='lat' dir='ltr'><em>nus</em></span> <span class='ocrx_word' id='word_1_267' title='bbox 173 3142 382 3213; x_wconf 77' lang='lat' dir='ltr'><em>Pon-tiftx</em></span> <span class='ocrx_word' id='word_1_268' title='bbox 401 3163 481 3192; x_wconf 89' lang='lat' dir='ltr'><em>non</em></span> <span class='ocrx_word' id='word_1_269' title='bbox 500 3148 635 3193; x_wconf 87' lang='lat' dir='ltr'><em>utitur</em></span> <span class='ocrx_word' id='word_1_270' title='bbox 651 3142 793 3195; x_wconf 80' lang='lat' dir='ltr'><em>baculo</em></span> <span class='ocrx_word' id='word_1_271' title='bbox 807 3182 822 3203; x_wconf 94' lang='lat'><em>,</em></span> <span class='ocrx_word' id='word_1_272' title='bbox 852 3151 954 3215; x_wconf 86' lang='lat' dir='ltr'><em>quia</em></span> <span class='ocrx_word' id='word_1_273' title='bbox 960 3163 1041 3215; x_wconf 87' lang='lat' dir='ltr'><em>po-</em></span> 
     </span>
     <span class='ocr_line' id='line_1_44' title="bbox 75 3215 1019 3283; baseline -0.011 -11"><span class='ocrx_word' id='word_1_274' title='bbox 75 3218 277 3272; x_wconf 61' lang='lat' dir='ltr'><em>testatem</em></span> <span class='ocrx_word' id='word_1_275' title='bbox 306 3221 328 3266; x_wconf 76' lang='grc' dir='ltr'><em>ἁ</em></span> <span class='ocrx_word' id='word_1_276' title='bbox 349 3216 442 3283; x_wconf 66' lang='lat' dir='ltr'><em>solo</em></span> <span class='ocrx_word' id='word_1_277' title='bbox 474 3215 566 3266; x_wconf 88' lang='lat' dir='ltr'><em>Deo</em></span> <span class='ocrx_word' id='word_1_278' title='bbox 593 3217 769 3279; x_wconf 81' lang='lat' dir='ltr'><em>recipit.</em></span> <span class='ocrx_word' id='word_1_279' title='bbox 1016 3240 1019 3243; x_wconf 94' lang='lat'>·</span> 
     </span>
    </p>
   </div>
   <div class='ocr_carea' id='block_1_3' title="bbox 144 3285 289 3342">
    <p class='ocr_par' dir='ltr' id='par_1_3' title="bbox 144 3285 289 3342">
     <span class='ocr_line' id='line_1_45' title="bbox 144 3285 289 3342; baseline -0.069 0"><span class='ocrx_word' id='word_1_280' title='bbox 144 3285 289 3342; x_wconf 57' lang='lat' dir='ltr'><em>PafrJ.</em></span> 
     </span>
    </p>
   </div>
   <div class='ocr_carea' id='block_1_4' title="bbox 1079 219 2073 3210">
    <p class='ocr_par' dir='ltr' id='par_1_4' title="bbox 1079 219 2073 3210">
     <span class='ocr_line' id='line_1_46' title="bbox 1952 219 2042 260; baseline -0.011 -10"><span class='ocrx_word' id='word_1_281' title='bbox 1952 221 1969 250; x_wconf 88' lang='lat'>1</span> <span class='ocrx_word' id='word_1_282' title='bbox 1983 220 2006 249; x_wconf 81' lang='lat'>2</span> <span class='ocrx_word' id='word_1_283' title='bbox 2019 219 2042 260; x_wconf 87' lang='lat'>3</span> 
     </span>
     <span class='ocr_line' id='line_1_47' title="bbox 1151 269 2044 322; baseline -0.004 0"><span class='ocrx_word' id='word_1_284' title='bbox 1151 276 1382 322; x_wconf 84' lang='lat' dir='ltr'><em>Attamen</em></span> <span class='ocrx_word' id='word_1_285' title='bbox 1407 271 1491 319; x_wconf 64' lang='lat' dir='ltr'><em>haic</em></span> <span class='ocrx_word' id='word_1_286' title='bbox 1509 269 1723 320; x_wconf 59' lang='lat' dir='ltr'><em>Historia</em></span> <span class='ocrx_word' id='word_1_287' title='bbox 1739 269 1929 320; x_wconf 86' lang='lat' dir='ltr'><em>credere</em></span> <span class='ocrx_word' id='word_1_288' title='bbox 1958 290 2044 318; x_wconf 80' lang='lat' dir='ltr'><em>mi-</em></span> 
     </span>
     <span class='ocr_line' id='line_1_48' title="bbox 1079 340 2049 410; baseline -0.002 -21"><span class='ocrx_word' id='word_1_289' title='bbox 1079 344 1203 391; x_wconf 64' lang='lat' dir='ltr'><em>nim&amp;</em></span> <span class='ocrx_word' id='word_1_290' title='bbox 1221 345 1462 410; x_wconf 82' lang='lat' dir='ltr'><em>cogimur,</em></span> <span class='ocrx_word' id='word_1_291' title='bbox 1480 340 1581 410; x_wconf 87' lang='lat' dir='ltr'><em>post</em></span> <span class='ocrx_word' id='word_1_292' title='bbox 1597 343 1658 388; x_wconf 92' lang='lat' dir='ltr'><em>D.</em></span> <span class='ocrx_word' id='word_1_293' title='bbox 1680 341 1873 389; x_wconf 89' lang='lat' dir='ltr'><em>Petrum</em></span> <span class='ocrx_word' id='word_1_294' title='bbox 1890 342 1915 387; x_wconf 74' lang='grc' dir='ltr'>ὲ</span> <span class='ocrx_word' id='word_1_295' title='bbox 1934 341 2049 388; x_wconf 81' lang='lat' dir='ltr'><em>Pon-</em></span> 
     </span>
     <span class='ocr_line' id='line_1_49' title="bbox 1080 407 2046 460; baseline -0.002 -1"><span class='ocrx_word' id='word_1_296' title='bbox 1080 411 1282 460; x_wconf 78' lang='lat' dir='ltr'><em>tificibus</em></span> <span class='ocrx_word' id='word_1_297' title='bbox 1300 414 1484 460; x_wconf 84' lang='lat' dir='ltr'><em>nullum</em></span> <span class='ocrx_word' id='word_1_298' title='bbox 1522 411 1688 460; x_wconf 85' lang='lat' dir='ltr'><em>baculo</em></span> <span class='ocrx_word' id='word_1_299' title='bbox 1721 407 1859 458; x_wconf 89' lang='lat' dir='ltr'><em>usum</em></span> <span class='ocrx_word' id='word_1_300' title='bbox 1887 407 2017 457; x_wconf 78' lang='lat' dir='ltr'><em>fuiffe</em></span> <span class='ocrx_word' id='word_1_301' title='bbox 2035 431 2046 457; x_wconf 72' lang='grc' dir='ltr'><strong><em>ε</em></strong></span> 
     </span>
     <span class='ocr_line' id='line_1_50' title="bbox 1082 480 2046 549; baseline -0.003 -20"><span class='ocrx_word' id='word_1_302' title='bbox 1082 481 1351 549; x_wconf 75' lang='lat' dir='ltr'><em>oppositum</em></span> <span class='ocrx_word' id='word_1_303' title='bbox 1394 500 1594 547; x_wconf 87' lang='lat' dir='ltr'><em>namque</em></span> <span class='ocrx_word' id='word_1_304' title='bbox 1628 499 1710 529; x_wconf 87' lang='lat' dir='ltr'><em>nos</em></span> <span class='ocrx_word' id='word_1_305' title='bbox 1744 480 1886 530; x_wconf 87' lang='lat' dir='ltr'><em>docet</em></span> <span class='ocrx_word' id='word_1_306' title='bbox 1913 481 2046 527; x_wconf 87' lang='lat' dir='ltr'><em>Luit-</em></span> 
     </span>
     <span class='ocr_line' id='line_1_51' title="bbox 1083 549 2050 619; baseline 0.003 -22"><span class='ocrx_word' id='word_1_307' title='bbox 1083 551 1283 619; x_wconf 85' lang='lat' dir='ltr'><em>prandus</em></span> <span class='ocrx_word' id='word_1_308' title='bbox 1300 550 1560 600; x_wconf 83' lang='lat' dir='ltr'><em>Ticinenfis</em></span> <span class='ocrx_word' id='word_1_309' title='bbox 1587 554 1824 600; x_wconf 85' lang='lat' dir='ltr'><em>Diaconus</em></span> <span class='ocrx_word' id='word_1_310' title='bbox 1851 552 1899 597; x_wconf 88' lang='lat' dir='ltr'><em>in</em></span> <span class='ocrx_word' id='word_1_311' title='bbox 1929 549 2050 600; x_wconf 68' lang='lat' dir='ltr'><em>fine-2</em></span> 
     </span>
     <span class='ocr_line' id='line_1_52' title="bbox 1082 619 2045 688; baseline 0.003 -20"><span class='ocrx_word' id='word_1_312' title='bbox 1082 619 1190 668; x_wconf 86' lang='lat' dir='ltr'><em>libri</em></span> <span class='ocrx_word' id='word_1_313' title='bbox 1206 630 1256 669; x_wconf 75' lang='grc' dir='ltr'><em>ό.</em></span> <span class='ocrx_word' id='word_1_314' title='bbox 1275 621 1344 669; x_wconf 80' lang='lat' dir='ltr'><em>De</em></span> <span class='ocrx_word' id='word_1_315' title='bbox 1370 621 1492 670; x_wconf 80' lang='lat' dir='ltr'><em>rebus</em></span> <span class='ocrx_word' id='word_1_316' title='bbox 1518 622 1569 669; x_wconf 85' lang='lat' dir='ltr'><em>ab</em></span> <span class='ocrx_word' id='word_1_317' title='bbox 1586 623 1756 686; x_wconf 66' lang='lat' dir='ltr'><em>Europa&gt;</em></span> <span class='ocrx_word' id='word_1_318' title='bbox 1773 621 2045 688; x_wconf 86' lang='lat' dir='ltr'><em>Imperatori·</em></span> 
     </span>
     <span class='ocr_line' id='line_1_53' title="bbox 1080 691 2048 759; baseline -0.001 -20"><span class='ocrx_word' id='word_1_319' title='bbox 1080 691 1173 747; x_wconf 82' lang='lat' dir='ltr'><em>bus,</em></span> <span class='ocrx_word' id='word_1_320' title='bbox 1186 694 1240 741; x_wconf 64' lang='lat' dir='ltr'><em>(J</em></span> <span class='ocrx_word' id='word_1_321' title='bbox 1255 691 1446 758; x_wconf 80' lang='lat' dir='ltr'><em>Regibus</em></span> <span class='ocrx_word' id='word_1_322' title='bbox 1455 694 1615 759; x_wconf 58' lang='lat' dir='ltr'><em>gestis,</em></span> <span class='ocrx_word' id='word_1_323' title='bbox 1634 692 1712 738; x_wconf 87' lang='lat' dir='ltr'><em>ubi</em></span> <span class='ocrx_word' id='word_1_324' title='bbox 1730 707 1888 740; x_wconf 78' lang='lat' dir='ltr'><em>narrat</em></span> <span class='ocrx_word' id='word_1_325' title='bbox 1903 710 2048 757; x_wconf 86' lang='lat' dir='ltr'><em>quen-</em></span> 
     </span>
     <span class='ocr_line' id='line_1_54' title="bbox 1082 761 2047 828; baseline 0.001 -19"><span class='ocrx_word' id='word_1_326' title='bbox 1082 761 1192 809; x_wconf 86' lang='lat' dir='ltr'><em>dam</em></span> <span class='ocrx_word' id='word_1_327' title='bbox 1211 762 1541 818; x_wconf 59' lang='lat' dir='ltr'><em>Benedicium,</em></span> <span class='ocrx_word' id='word_1_328' title='bbox 1559 762 1640 828; x_wconf 87' lang='lat' dir='ltr'><em>qui</em></span> <span class='ocrx_word' id='word_1_329' title='bbox 1658 761 1827 810; x_wconf 88' lang='lat' dir='ltr'><em>Sedem</em></span> <span class='ocrx_word' id='word_1_330' title='bbox 1845 761 2047 828; x_wconf 81' lang='lat' dir='ltr'><em>Aposto-</em></span> 
     </span>
     <span class='ocr_line' id='line_1_55' title="bbox 1081 828 2050 898; baseline 0 -20"><span class='ocrx_word' id='word_1_331' title='bbox 1081 832 1223 878; x_wconf 88' lang='lat' dir='ltr'><em>licam</em></span> <span class='ocrx_word' id='word_1_332' title='bbox 1250 828 1515 887; x_wconf 85' lang='lat' dir='ltr'><em>invaserat,</em></span> <span class='ocrx_word' id='word_1_333' title='bbox 1548 848 1680 880; x_wconf 90' lang='lat' dir='ltr'><em>more</em></span> <span class='ocrx_word' id='word_1_334' title='bbox 1708 832 1910 898; x_wconf 80' lang='lat' dir='ltr'><em>legitimi</em></span> <span class='ocrx_word' id='word_1_335' title='bbox 1928 833 2050 879; x_wconf 86' lang='lat' dir='ltr'><em>Pon-</em></span> 
     </span>
     <span class='ocr_line' id='line_1_56' title="bbox 1081 898 2052 970; baseline 0.001 -23"><span class='ocrx_word' id='word_1_336' title='bbox 1081 899 1218 948; x_wconf 82' lang='lat' dir='ltr'><em>tificis</em></span> <span class='ocrx_word' id='word_1_337' title='bbox 1244 898 1437 970; x_wconf 78' lang='lat' dir='ltr'><em>insignia</em></span> <span class='ocrx_word' id='word_1_338' title='bbox 1457 898 1580 948; x_wconf 81' lang='lat' dir='ltr'><em>sacra</em></span> <span class='ocrx_word' id='word_1_339' title='bbox 1601 898 1832 968; x_wconf 77' lang='lat' dir='ltr'><em>usurpasse</em></span> <span class='ocrx_word' id='word_1_340' title='bbox 1847 937 1862 957; x_wconf 90' lang='lat'><em>,</em></span> <span class='ocrx_word' id='word_1_341' title='bbox 1898 902 1944 948; x_wconf 88' lang='lat' dir='ltr'><em>in</em></span> <span class='ocrx_word' id='word_1_342' title='bbox 1977 900 2052 948; x_wconf 87' lang='lat' dir='ltr'><em>iis-</em></span> 
     </span>
     <span class='ocr_line' id='line_1_57' title="bbox 1083 967 2052 1038; baseline 0.002 -21"><span class='ocrx_word' id='word_1_343' title='bbox 1083 988 1173 1036; x_wconf 87' lang='lat' dir='ltr'><em>que</em></span> <span class='ocrx_word' id='word_1_344' title='bbox 1203 967 1422 1038; x_wconf 77' lang='lat' dir='ltr'><em>signatim</em></span> <span class='ocrx_word' id='word_1_345' title='bbox 1453 967 1652 1019; x_wconf 83' lang='lat' dir='ltr'><em>ferulam</em></span> <span class='ocrx_word' id='word_1_346' title='bbox 1680 971 2017 1025; x_wconf 48' lang='lat' dir='ltr'><em>PontificianD</em></span> <span class='ocrx_word' id='word_1_347' title='bbox 2036 1007 2052 1028; x_wconf 92' lang='lat'><em>,</em></span> 
     </span>
     <span class='ocr_line' id='line_1_58' title="bbox 1084 1039 2048 1108; baseline 0.001 -21"><span class='ocrx_word' id='word_1_348' title='bbox 1084 1044 1105 1097; x_wconf 83' lang='lat'>(</span> <span class='ocrx_word' id='word_1_349' title='bbox 1123 1039 1234 1088; x_wconf 86' lang='lat' dir='ltr'><em>idest</em></span> <span class='ocrx_word' id='word_1_350' title='bbox 1253 1041 1474 1090; x_wconf 79' lang='lat' dir='ltr'><em>baculum</em></span> <span class='ocrx_word' id='word_1_351' title='bbox 1488 1039 1767 1090; x_wconf 84' lang='lat' dir='ltr'><em>Pastoralem</em></span> <span class='ocrx_word' id='word_1_352' title='bbox 1784 1052 1804 1105; x_wconf 76' lang='grc'>&gt;</span> <span class='ocrx_word' id='word_1_353' title='bbox 1817 1061 1959 1108; x_wconf 80' lang='lat' dir='ltr'><em>quam</em></span> <span class='ocrx_word' id='word_1_354' title='bbox 1973 1061 2048 1091; x_wconf 78' lang='lat' dir='ltr'><em>ex-</em></span> 
     </span>
     <span class='ocr_line' id='line_1_59' title="bbox 1087 1111 2057 1178; baseline 0.003 -21"><span class='ocrx_word' id='word_1_355' title='bbox 1087 1111 1355 1160; x_wconf 69' lang='lat' dir='ltr'><em>au&amp;0ratus</em></span> <span class='ocrx_word' id='word_1_356' title='bbox 1372 1113 1397 1158; x_wconf 68' lang='lat' dir='ltr'><em>a</em></span> <span class='ocrx_word' id='word_1_357' title='bbox 1417 1112 1572 1158; x_wconf 84' lang='lat' dir='ltr'><em>Leone</em></span> <span class='ocrx_word' id='word_1_358' title='bbox 1590 1111 1712 1178; x_wconf 80' lang='lat' dir='ltr'><em>Papa</em></span> <span class='ocrx_word' id='word_1_359' title='bbox 1730 1147 1745 1167; x_wconf 94' lang='lat'><em>,</em></span> <span class='ocrx_word' id='word_1_360' title='bbox 1774 1115 1928 1160; x_wconf 80' lang='lat' dir='ltr'><em>eidem</em></span> <span class='ocrx_word' id='word_1_361' title='bbox 1952 1114 2057 1160; x_wconf 77' lang='lat' dir='ltr'><em>red-</em></span> 
     </span>
     <span class='ocr_line' id='line_1_60' title="bbox 1088 1178 2058 1249; baseline 0 -20"><span class='ocrx_word' id='word_1_362' title='bbox 1088 1181 1210 1229; x_wconf 57' lang='lat' dir='ltr'><em>didit</em></span> <span class='ocrx_word' id='word_1_363' title='bbox 1228 1217 1237 1226; x_wconf 96' lang='lat'>.</span> <span class='ocrx_word' id='word_1_364' title='bbox 1267 1178 1481 1228; x_wconf 79' lang='lat' dir='ltr'><em>Pontifex</em></span> <span class='ocrx_word' id='word_1_365' title='bbox 1506 1178 1622 1228; x_wconf 65' lang='lat' dir='ltr'><em>vero</em></span> <span class='ocrx_word' id='word_1_366' title='bbox 1639 1195 1879 1247; x_wconf 75' lang='lat' dir='ltr'><em>acceptam</em></span> <span class='ocrx_word' id='word_1_367' title='bbox 1899 1180 2058 1249; x_wconf 85' lang='lat' dir='ltr'><em>fregit,</em></span> 
     </span>
     <span class='ocr_line' id='line_1_61' title="bbox 1085 1248 2058 1320; baseline -0.001 -22"><span class='ocrx_word' id='word_1_368' title='bbox 1085 1253 1135 1302; x_wconf 85' lang='lat'>&amp;</span> <span class='ocrx_word' id='word_1_369' title='bbox 1153 1248 1349 1300; x_wconf 63' lang='lat' dir='ltr'><em>frastam</em></span> <span class='ocrx_word' id='word_1_370' title='bbox 1379 1250 1555 1317; x_wconf 86' lang='lat' dir='ltr'><em>populo</em></span> <span class='ocrx_word' id='word_1_371' title='bbox 1575 1249 1776 1299; x_wconf 80' lang='lat' dir='ltr'><em>ostendit</em></span> <span class='ocrx_word' id='word_1_372' title='bbox 1804 1252 1850 1297; x_wconf 92' lang='lat' dir='ltr'><em>in</em></span> <span class='ocrx_word' id='word_1_373' title='bbox 1873 1249 2058 1320; x_wconf 78' lang='lat' dir='ltr'><em>signum</em></span> 
     </span>
     <span class='ocr_line' id='line_1_62' title="bbox 1089 1319 2060 1388; baseline -0.001 -19"><span class='ocrx_word' id='word_1_374' title='bbox 1089 1321 1252 1369; x_wconf 83' lang='lat' dir='ltr'><em>ablatae</em></span> <span class='ocrx_word' id='word_1_375' title='bbox 1272 1319 1509 1388; x_wconf 83' lang='lat' dir='ltr'><em>potestatis</em></span> <span class='ocrx_word' id='word_1_376' title='bbox 1525 1355 1535 1366; x_wconf 89' lang='lat'><strong>.</strong></span> <span class='ocrx_word' id='word_1_377' title='bbox 1576 1320 1632 1369; x_wconf 92' lang='lat' dir='ltr'><em>ld</em></span> <span class='ocrx_word' id='word_1_378' title='bbox 1649 1324 1794 1368; x_wconf 85' lang='lat' dir='ltr'><em>etiam</em></span> <span class='ocrx_word' id='word_1_379' title='bbox 1812 1321 2060 1369; x_wconf 80' lang='lat' dir='ltr'><em>confirmat</em></span> 
     </span>
     <span class='ocr_line' id='line_1_63' title="bbox 1087 1387 2060 1457; baseline -0.005 -16"><span class='ocrx_word' id='word_1_380' title='bbox 1087 1395 1280 1441; x_wconf 81' lang='lat' dir='ltr'><em>Macrus</em></span> <span class='ocrx_word' id='word_1_381' title='bbox 1296 1393 1342 1438; x_wconf 90' lang='lat' dir='ltr'><em>in</em></span> <span class='ocrx_word' id='word_1_382' title='bbox 1361 1387 1442 1437; x_wconf 91' lang='lat' dir='ltr'><em>suo</em></span> <span class='ocrx_word' id='word_1_383' title='bbox 1462 1391 1796 1448; x_wconf 83' lang='lat' dir='ltr'><em>Hierolexico,</em></span> <span class='ocrx_word' id='word_1_384' title='bbox 1815 1393 1894 1456; x_wconf 81' lang='lat' dir='ltr'><em>qui</em></span> <span class='ocrx_word' id='word_1_385' title='bbox 1916 1408 2060 1457; x_wconf 85' lang='lat' dir='ltr'><em>quan-</em></span> 
     </span>
     <span class='ocr_line' id='line_1_64' title="bbox 1088 1455 2059 1530; baseline -0.003 -19"><span class='ocrx_word' id='word_1_386' title='bbox 1088 1464 1198 1511; x_wconf 85' lang='lat' dir='ltr'><em>dam</em></span> <span class='ocrx_word' id='word_1_387' title='bbox 1238 1465 1434 1510; x_wconf 90' lang='lat' dir='ltr'><em>Iconem</em></span> <span class='ocrx_word' id='word_1_388' title='bbox 1466 1455 1599 1509; x_wconf 83' lang='lat' dir='ltr'><em>affert</em></span> <span class='ocrx_word' id='word_1_389' title='bbox 1634 1463 1858 1530; x_wconf 84' lang='lat' dir='ltr'><em>Gregorii</em></span> <span class='ocrx_word' id='word_1_390' title='bbox 1888 1463 2059 1528; x_wconf 81' lang='lat' dir='ltr'><em>Magni</em></span> 
     </span>
     <span class='ocr_line' id='line_1_65' title="bbox 1087 1529 2059 1598; baseline -0.003 -17"><span class='ocrx_word' id='word_1_391' title='bbox 1087 1531 1245 1581; x_wconf 87' lang='lat' dir='ltr'><em>stantis</em></span> <span class='ocrx_word' id='word_1_392' title='bbox 1264 1567 1280 1590; x_wconf 87' lang='lat'><em>,</em></span> <span class='ocrx_word' id='word_1_393' title='bbox 1301 1532 1350 1581; x_wconf 82' lang='lat'>&amp;</span> <span class='ocrx_word' id='word_1_394' title='bbox 1370 1529 1592 1578; x_wconf 83' lang='lat' dir='ltr'><em>baculum</em></span> <span class='ocrx_word' id='word_1_395' title='bbox 1612 1530 1804 1581; x_wconf 68' lang='lat' dir='ltr'><em>dexterz&#39;i</em></span> <span class='ocrx_word' id='word_1_396' title='bbox 1822 1546 2026 1598; x_wconf 79' lang='lat' dir='ltr'><em>gerentis</em></span> <span class='ocrx_word' id='word_1_397' title='bbox 2044 1569 2059 1592; x_wconf 93' lang='lat'><em>,</em></span> 
     </span>
     <span class='ocr_line' id='line_1_66' title="bbox 1086 1599 2059 1668; baseline -0.003 -17"><span class='ocrx_word' id='word_1_398' title='bbox 1086 1606 1134 1651; x_wconf 90' lang='lat' dir='ltr'><em>in</em></span> <span class='ocrx_word' id='word_1_399' title='bbox 1152 1600 1312 1651; x_wconf 84' lang='lat' dir='ltr'><em>infima</em></span> <span class='ocrx_word' id='word_1_400' title='bbox 1327 1599 1399 1648; x_wconf 85' lang='lat' dir='ltr'><em>sui</em></span> <span class='ocrx_word' id='word_1_401' title='bbox 1415 1615 1544 1667; x_wconf 72' lang='lat' dir='ltr'><em>parte</em></span> <span class='ocrx_word' id='word_1_402' title='bbox 1563 1615 1775 1660; x_wconf 87' lang='lat' dir='ltr'><em>acutum,</em></span> <span class='ocrx_word' id='word_1_403' title='bbox 1791 1605 1836 1649; x_wconf 90' lang='lat' dir='ltr'><em>in</em></span> <span class='ocrx_word' id='word_1_404' title='bbox 1855 1602 2059 1668; x_wconf 74' lang='lat' dir='ltr'><em>superio-</em></span> 
     </span>
     <span class='ocr_line' id='line_1_67' title="bbox 1086 1668 2062 1737; baseline 0.002 -19"><span class='ocrx_word' id='word_1_405' title='bbox 1086 1675 1126 1722; x_wconf 83' lang='lat' dir='ltr'><em>ri</em></span> <span class='ocrx_word' id='word_1_406' title='bbox 1158 1672 1277 1720; x_wconf 77' lang='lat' dir='ltr'><em>vero</em></span> <span class='ocrx_word' id='word_1_407' title='bbox 1311 1685 1450 1717; x_wconf 89' lang='lat' dir='ltr'><em>cruce</em></span> <span class='ocrx_word' id='word_1_408' title='bbox 1476 1668 1765 1737; x_wconf 57' lang='lat' dir='ltr'><em>superpofitsli</em></span> <span class='ocrx_word' id='word_1_409' title='bbox 1804 1669 2034 1737; x_wconf 78' lang='lat' dir='ltr'><em>insignem</em></span> <span class='ocrx_word' id='word_1_410' title='bbox 2049 1708 2062 1720; x_wconf 88' lang='lat'><strong>.</strong></span> 
     </span>
     <span class='ocr_line' id='line_1_68' title="bbox 1091 1739 2065 1791; baseline -0.003 0"><span class='ocrx_word' id='word_1_411' title='bbox 1091 1740 1245 1791; x_wconf 87' lang='lat' dir='ltr'><em>Addit</em></span> <span class='ocrx_word' id='word_1_412' title='bbox 1260 1741 1309 1789; x_wconf 72' lang='grc' dir='ltr'><em>δε</em></span> <span class='ocrx_word' id='word_1_413' title='bbox 1328 1740 1469 1786; x_wconf 76' lang='lat' dir='ltr'><em>aliam</em></span> <span class='ocrx_word' id='word_1_414' title='bbox 1490 1743 1683 1788; x_wconf 88' lang='lat' dir='ltr'><em>Iconem</em></span> <span class='ocrx_word' id='word_1_415' title='bbox 1704 1739 1879 1789; x_wconf 78' lang='lat' dir='ltr'><em>Gelasii</em></span> <span class='ocrx_word' id='word_1_416' title='bbox 1895 1744 1962 1789; x_wconf 81' lang='lat' dir='ltr'><em>ll.</em></span> <span class='ocrx_word' id='word_1_417' title='bbox 1985 1740 2065 1788; x_wconf 85' lang='lat' dir='ltr'><em>ba-</em></span> 
     </span>
     <span class='ocr_line' id='line_1_69' title="bbox 1094 1807 2066 1878; baseline 0 -19"><span class='ocrx_word' id='word_1_418' title='bbox 1094 1812 1256 1859; x_wconf 88' lang='lat' dir='ltr'><em>culum</em></span> <span class='ocrx_word' id='word_1_419' title='bbox 1275 1807 1452 1858; x_wconf 50' lang='lat' dir='ltr'><em>sinistri</em></span> <span class='ocrx_word' id='word_1_420' title='bbox 1472 1808 1702 1865; x_wconf 86' lang='lat' dir='ltr'><em>habentis,</em></span> <span class='ocrx_word' id='word_1_421' title='bbox 1721 1812 1767 1857; x_wconf 86' lang='lat' dir='ltr'><em>in</em></span> <span class='ocrx_word' id='word_1_422' title='bbox 1785 1816 1915 1873; x_wconf 86' lang='lat' dir='ltr'><em>cujus</em></span> <span class='ocrx_word' id='word_1_423' title='bbox 1931 1813 2066 1878; x_wconf 84' lang='lat' dir='ltr'><em>apice·</em></span> 
     </span>
     <span class='ocr_line' id='line_1_70' title="bbox 1091 1874 2065 1949; baseline 0.003 -22"><span class='ocrx_word' id='word_1_424' title='bbox 1091 1879 1330 1949; x_wconf 79' lang='lat' dir='ltr'><em>globulus,</em></span> <span class='ocrx_word' id='word_1_425' title='bbox 1342 1880 1419 1944; x_wconf 87' lang='lat' dir='ltr'><em>qui</em></span> <span class='ocrx_word' id='word_1_426' title='bbox 1439 1874 1638 1945; x_wconf 83' lang='lat' dir='ltr'><em>figuram</em></span> <span class='ocrx_word' id='word_1_427' title='bbox 1656 1878 1827 1946; x_wconf 79' lang='lat' dir='ltr'><em>ellipsis</em></span> <span class='ocrx_word' id='word_1_428' title='bbox 1843 1877 1986 1928; x_wconf 83' lang='lat' dir='ltr'><em>refert</em></span> <span class='ocrx_word' id='word_1_429' title='bbox 2005 1882 2065 1930; x_wconf 90' lang='lat' dir='ltr'><em>ad</em></span> 
     </span>
     <span class='ocr_line' id='line_1_71' title="bbox 1095 1947 2066 2016; baseline 0.001 -17"><span class='ocrx_word' id='word_1_430' title='bbox 1095 1948 1234 1999; x_wconf 84' lang='lat' dir='ltr'><em>instar</em></span> <span class='ocrx_word' id='word_1_431' title='bbox 1250 1947 1606 2016; x_wconf 76' lang='lat' dir='ltr'><em>sphaerularum,</em></span> <span class='ocrx_word' id='word_1_432' title='bbox 1620 1966 1719 2014; x_wconf 81' lang='lat' dir='ltr'><em>quae</em></span> <span class='ocrx_word' id='word_1_433' title='bbox 1737 1948 1912 1997; x_wconf 86' lang='lat' dir='ltr'><em>baculis</em></span> <span class='ocrx_word' id='word_1_434' title='bbox 1928 1951 2066 2000; x_wconf 81' lang='lat' dir='ltr'><em>Pere-</em></span> 
     </span>
     <span class='ocr_line' id='line_1_72' title="bbox 1093 2016 2067 2089; baseline 0.001 -22"><span class='ocrx_word' id='word_1_435' title='bbox 1093 2021 1346 2089; x_wconf 83' lang='lat' dir='ltr'><em>grinorum</em></span> <span class='ocrx_word' id='word_1_436' title='bbox 1363 2020 1545 2088; x_wconf 86' lang='lat' dir='ltr'><em>imponi</em></span> <span class='ocrx_word' id='word_1_437' title='bbox 1566 2016 1715 2067; x_wconf 86' lang='lat' dir='ltr'><em>solent</em></span> <span class='ocrx_word' id='word_1_438' title='bbox 1734 2055 1744 2065; x_wconf 93' lang='lat'><strong>.</strong></span> <span class='ocrx_word' id='word_1_439' title='bbox 1784 2017 1973 2086; x_wconf 80' lang='lat' dir='ltr'><em>Qibus</em></span> <span class='ocrx_word' id='word_1_440' title='bbox 1991 2022 2067 2068; x_wconf 84' lang='lat' dir='ltr'><em>Fi-</em></span> 
     </span>
     <span class='ocr_line' id='line_1_73' title="bbox 1092 2088 2065 2160; baseline -0.002 -22"><span class='ocrx_word' id='word_1_441' title='bbox 1092 2093 1221 2160; x_wconf 84' lang='lat' dir='ltr'><em>guris</em></span> <span class='ocrx_word' id='word_1_442' title='bbox 1239 2088 1459 2158; x_wconf 61' lang='lat' dir='ltr'><em>praedicta</em></span> <span class='ocrx_word' id='word_1_443' title='bbox 1475 2090 1599 2138; x_wconf 89' lang='lat' dir='ltr'><em>Petri</em></span> <span class='ocrx_word' id='word_1_444' title='bbox 1615 2090 1836 2139; x_wconf 85' lang='lat' dir='ltr'><em>Damiani</em></span> <span class='ocrx_word' id='word_1_445' title='bbox 1859 2090 2065 2138; x_wconf 56' lang='lat' dir='ltr'><em>auctiori-</em></span> 
     </span>
     <span class='ocr_line' id='line_1_74' title="bbox 1093 2156 2067 2228; baseline -0.001 -20"><span class='ocrx_word' id='word_1_446' title='bbox 1093 2176 1161 2209; x_wconf 86' lang='lat' dir='ltr'><em>tas</em></span> <span class='ocrx_word' id='word_1_447' title='bbox 1179 2160 1406 2228; x_wconf 87' lang='lat' dir='ltr'><em>applicari</em></span> <span class='ocrx_word' id='word_1_448' title='bbox 1427 2156 1549 2227; x_wconf 79' lang='lat' dir='ltr'><em>posse</em></span> <span class='ocrx_word' id='word_1_449' title='bbox 1568 2159 1778 2215; x_wconf 87' lang='lat' dir='ltr'><em>videtur,</em></span> <span class='ocrx_word' id='word_1_450' title='bbox 1797 2158 1879 2207; x_wconf 83' lang='lat' dir='ltr'><em>vbi</em></span> <span class='ocrx_word' id='word_1_451' title='bbox 1900 2161 2067 2226; x_wconf 84' lang='lat' dir='ltr'><em>inquit:</em></span> 
     </span>
     <span class='ocr_line' id='line_1_75' title="bbox 1092 2228 2069 2298; baseline -0.002 -17"><span class='ocrx_word' id='word_1_452' title='bbox 1092 2232 1187 2285; x_wconf 87' lang='lat' dir='ltr'><em>Nec</em></span> <span class='ocrx_word' id='word_1_453' title='bbox 1216 2235 1278 2280; x_wconf 82' lang='lat' dir='ltr'><em>eis</em></span> <span class='ocrx_word' id='word_1_454' title='bbox 1293 2228 1462 2297; x_wconf 76' lang='lat' dir='ltr'><em>profuit</em></span> <span class='ocrx_word' id='word_1_455' title='bbox 1477 2266 1493 2287; x_wconf 92' lang='lat'><em>,</em></span> <span class='ocrx_word' id='word_1_456' title='bbox 1525 2229 1637 2298; x_wconf 81' lang='lat' dir='ltr'><em>quod</em></span> <span class='ocrx_word' id='word_1_457' title='bbox 1651 2230 1883 2297; x_wconf 76' lang='lat' dir='ltr'><em>Pontifices</em></span> <span class='ocrx_word' id='word_1_458' title='bbox 1910 2232 2069 2298; x_wconf 79' lang='lat' dir='ltr'><em>ligneis</em></span> 
     </span>
     <span class='ocr_line' id='line_1_76' title="bbox 1092 2301 2070 2372; baseline -0.004 -20"><span class='ocrx_word' id='word_1_459' title='bbox 1092 2303 1277 2372; x_wconf 74' lang='lat' dir='ltr'><em>ustfitnt</em></span> <span class='ocrx_word' id='word_1_460' title='bbox 1306 2301 1490 2351; x_wconf 81' lang='lat' dir='ltr'><em>baculis.</em></span> <span class='ocrx_word' id='word_1_461' title='bbox 1529 2301 1649 2365; x_wconf 70' lang='lat' dir='ltr'><em>Qiae</em></span> <span class='ocrx_word' id='word_1_462' title='bbox 1680 2302 1825 2348; x_wconf 78' lang='lat' dir='ltr'><em>verba</em></span> <span class='ocrx_word' id='word_1_463' title='bbox 1853 2303 2070 2366; x_wconf 83' lang='lat' dir='ltr'><em>quamvis</em></span> 
     </span>
     <span class='ocr_line' id='line_1_77' title="bbox 1096 2366 2066 2440; baseline -0.005 -19"><span class='ocrx_word' id='word_1_464' title='bbox 1096 2374 1319 2440; x_wconf 82' lang='lat' dir='ltr'><em>ambigua</em></span> <span class='ocrx_word' id='word_1_465' title='bbox 1337 2368 1513 2420; x_wconf 87' lang='lat' dir='ltr'><em>censeri</em></span> <span class='ocrx_word' id='word_1_466' title='bbox 1534 2366 1705 2437; x_wconf 83' lang='lat' dir='ltr'><em>poffint</em></span> <span class='ocrx_word' id='word_1_467' title='bbox 1720 2406 1735 2427; x_wconf 85' lang='lat'><em>,</em></span> <span class='ocrx_word' id='word_1_468' title='bbox 1766 2371 1888 2416; x_wconf 78' lang='lat' dir='ltr'><em>itaut</em></span> <span class='ocrx_word' id='word_1_469' title='bbox 1904 2372 2066 2417; x_wconf 86' lang='lat' dir='ltr'><em>Ponti-</em></span> 
     </span>
     <span class='ocr_line' id='line_1_78' title="bbox 1095 2439 2070 2509; baseline -0.002 -18"><span class='ocrx_word' id='word_1_470' title='bbox 1095 2442 1237 2491; x_wconf 86' lang='lat' dir='ltr'><em>ficum</em></span> <span class='ocrx_word' id='word_1_471' title='bbox 1256 2442 1450 2491; x_wconf 87' lang='lat' dir='ltr'><em>nomine</em></span> <span class='ocrx_word' id='word_1_472' title='bbox 1476 2439 1693 2509; x_wconf 86' lang='lat' dir='ltr'><em>Episcopi</em></span> <span class='ocrx_word' id='word_1_473' title='bbox 1714 2441 2041 2507; x_wconf 72' lang='lat' dir='ltr'><em>intelligantur</em></span> <span class='ocrx_word' id='word_1_474' title='bbox 2059 2462 2070 2489; x_wconf 91' lang='lat'>:</span> 
     </span>
     <span class='ocr_line' id='line_1_79' title="bbox 1097 2507 2070 2578; baseline -0.002 -17"><span class='ocrx_word' id='word_1_475' title='bbox 1097 2508 1406 2562; x_wconf 67' lang='lat' dir='ltr'><em>nihilominus</em></span> <span class='ocrx_word' id='word_1_476' title='bbox 1438 2509 1549 2559; x_wconf 67' lang='lat' dir='ltr'><em>cum</em></span> <span class='ocrx_word' id='word_1_477' title='bbox 1579 2507 1788 2578; x_wconf 72' lang='lat' dir='ltr'><em>superius</em></span> <span class='ocrx_word' id='word_1_478' title='bbox 1818 2511 2070 2578; x_wconf 75' lang='lat' dir='ltr'><em>Epiicopos</em></span> 
     </span>
     <span class='ocr_line' id='line_1_80' title="bbox 1101 2582 2073 2651; baseline -0.004 -19"><span class='ocrx_word' id='word_1_479' title='bbox 1101 2583 1383 2651; x_wconf 84' lang='lat' dir='ltr'><em>redarguere</em></span> <span class='ocrx_word' id='word_1_480' title='bbox 1402 2582 1612 2648; x_wconf 86' lang='lat' dir='ltr'><em>Scriptor</em></span> <span class='ocrx_word' id='word_1_481' title='bbox 1644 2582 1855 2629; x_wconf 85' lang='lat' dir='ltr'><em>voluerit</em></span> <span class='ocrx_word' id='word_1_482' title='bbox 1870 2616 1886 2637; x_wconf 93' lang='lat'><em>,</em></span> <span class='ocrx_word' id='word_1_483' title='bbox 1903 2583 1983 2647; x_wconf 87' lang='lat' dir='ltr'><em>qui</em></span> <span class='ocrx_word' id='word_1_484' title='bbox 2002 2599 2073 2628; x_wconf 82' lang='lat' dir='ltr'><em>ar-</em></span> 
     </span>
     <span class='ocr_line' id='line_1_81' title="bbox 1101 2650 2073 2723; baseline -0.007 -19"><span class='ocrx_word' id='word_1_485' title='bbox 1101 2656 1281 2723; x_wconf 85' lang='lat' dir='ltr'><em>genteis</em></span> <span class='ocrx_word' id='word_1_486' title='bbox 1298 2653 1475 2701; x_wconf 81' lang='lat' dir='ltr'><em>baculis</em></span> <span class='ocrx_word' id='word_1_487' title='bbox 1493 2664 1756 2708; x_wconf 88' lang='lat' dir='ltr'><em>uterentur,</em></span> <span class='ocrx_word' id='word_1_488' title='bbox 1772 2650 1923 2717; x_wconf 84' lang='lat' dir='ltr'><em>liquet</em></span> <span class='ocrx_word' id='word_1_489' title='bbox 1939 2653 2073 2699; x_wconf 85' lang='lat' dir='ltr'><em>exin-</em></span> 
     </span>
     <span class='ocr_line' id='line_1_82' title="bbox 1097 2720 2073 2774; baseline -0.005 -1"><span class='ocrx_word' id='word_1_490' title='bbox 1097 2725 1153 2774; x_wconf 63' lang='lat' dir='ltr'><em>de</em></span> <span class='ocrx_word' id='word_1_491' title='bbox 1170 2720 1456 2773; x_wconf 82' lang='lat' dir='ltr'><em>Pontificum</em></span> <span class='ocrx_word' id='word_1_492' title='bbox 1475 2725 1807 2770; x_wconf 86' lang='lat' dir='ltr'><em>Romanorum</em></span> <span class='ocrx_word' id='word_1_493' title='bbox 1826 2721 2073 2769; x_wconf 87' lang='lat' dir='ltr'><em>humilita-</em></span> 
     </span>
     <span class='ocr_line' id='line_1_83' title="bbox 1098 2785 2068 2855; baseline -0.004 -13"><span class='ocrx_word' id='word_1_494' title='bbox 1098 2808 1216 2853; x_wconf 88' lang='lat' dir='ltr'><em>tem,</em></span> <span class='ocrx_word' id='word_1_495' title='bbox 1234 2812 1285 2841; x_wconf 87' lang='lat' dir='ltr'><em>ac</em></span> <span class='ocrx_word' id='word_1_496' title='bbox 1304 2789 1587 2842; x_wconf 87' lang='lat' dir='ltr'><em>modestiam</em></span> <span class='ocrx_word' id='word_1_497' title='bbox 1605 2793 1669 2839; x_wconf 90' lang='lat' dir='ltr'><em>eis</em></span> <span class='ocrx_word' id='word_1_498' title='bbox 1685 2790 1891 2855; x_wconf 87' lang='lat' dir='ltr'><em>objicere</em></span> <span class='ocrx_word' id='word_1_499' title='bbox 1911 2826 1926 2848; x_wconf 88' lang='lat'><em>,</em></span> <span class='ocrx_word' id='word_1_500' title='bbox 1942 2793 1991 2842; x_wconf 70' lang='grc' dir='ltr'><em>ὃ(</em></span> <span class='ocrx_word' id='word_1_501' title='bbox 2009 2785 2068 2839; x_wconf 83' lang='lat' dir='ltr'><em>ad</em></span> 
     </span>
     <span class='ocr_line' id='line_1_84' title="bbox 1098 2862 2069 2931; baseline -0.005 -16"><span class='ocrx_word' id='word_1_502' title='bbox 1098 2865 1344 2931; x_wconf 81' lang='lat' dir='ltr'><em>exemplar</em></span> <span class='ocrx_word' id='word_1_503' title='bbox 1366 2879 1648 2931; x_wconf 86' lang='lat' dir='ltr'><em>proponere,</em></span> <span class='ocrx_word' id='word_1_504' title='bbox 1665 2862 1746 2928; x_wconf 88' lang='lat' dir='ltr'><em>qui</em></span> <span class='ocrx_word' id='word_1_505' title='bbox 1765 2862 1877 2910; x_wconf 66' lang='lat' dir='ltr'><em>licet</em></span> <span class='ocrx_word' id='word_1_506' title='bbox 1896 2863 2002 2910; x_wconf 87' lang='lat' dir='ltr'><em>illos</em></span> <span class='ocrx_word' id='word_1_507' title='bbox 2019 2863 2069 2910; x_wconf 86' lang='lat'>&amp;</span> 
     </span>
     <span class='ocr_line' id='line_1_85' title="bbox 1099 2929 2067 3000; baseline -0.008 -17"><span class='ocrx_word' id='word_1_508' title='bbox 1099 2933 1283 2983; x_wconf 85' lang='lat' dir='ltr'><em>summo</em></span> <span class='ocrx_word' id='word_1_509' title='bbox 1303 2933 1547 3000; x_wconf 78' lang='lat' dir='ltr'><em>dignitatis</em></span> <span class='ocrx_word' id='word_1_510' title='bbox 1567 2930 1752 3000; x_wconf 87' lang='lat' dir='ltr'><em>fastigio</em></span> <span class='ocrx_word' id='word_1_511' title='bbox 1768 2968 1785 2989; x_wconf 93' lang='lat'><em>,</em></span> <span class='ocrx_word' id='word_1_512' title='bbox 1802 2933 1851 2982; x_wconf 71' lang='grc' dir='ltr'><em>ὅ(</em></span> <span class='ocrx_word' id='word_1_513' title='bbox 1866 2929 2067 3000; x_wconf 84' lang='lat' dir='ltr'><em>potesta-</em></span> 
     </span>
     <span class='ocr_line' id='line_1_86' title="bbox 1096 3000 2068 3071; baseline -0.008 -18"><span class='ocrx_word' id='word_1_514' title='bbox 1096 3021 1142 3055; x_wconf 90' lang='lat' dir='ltr'><em>te</em></span> <span class='ocrx_word' id='word_1_515' title='bbox 1161 3006 1237 3052; x_wconf 90' lang='lat' dir='ltr'><em>cui</em></span> <span class='ocrx_word' id='word_1_516' title='bbox 1257 3005 1386 3051; x_wconf 85' lang='lat' dir='ltr'><em>nulla</em></span> <span class='ocrx_word' id='word_1_517' title='bbox 1414 3021 1497 3071; x_wconf 86' lang='lat' dir='ltr'><em>par</em></span> <span class='ocrx_word' id='word_1_518' title='bbox 1528 3000 1622 3062; x_wconf 77' lang='lat' dir='ltr'><em>est,</em></span> <span class='ocrx_word' id='word_1_519' title='bbox 1649 3003 1788 3069; x_wconf 60' lang='lat' dir='ltr'><em>long&amp;</em></span> <span class='ocrx_word' id='word_1_520' title='bbox 1818 3000 2068 3048; x_wconf 87' lang='lat' dir='ltr'><em>antecelle-</em></span> 
     </span>
     <span class='ocr_line' id='line_1_87' title="bbox 1095 3067 2068 3137; baseline -0.012 -12"><span class='ocrx_word' id='word_1_521' title='bbox 1095 3089 1217 3132; x_wconf 88' lang='lat' dir='ltr'><em>rent,</em></span> <span class='ocrx_word' id='word_1_522' title='bbox 1238 3088 1448 3123; x_wconf 82' lang='lat' dir='ltr'><em>attamen</em></span> <span class='ocrx_word' id='word_1_523' title='bbox 1478 3071 1781 3120; x_wconf 74' lang='lat' dir='ltr'><em>solummodo</em></span> <span class='ocrx_word' id='word_1_524' title='bbox 1800 3071 1967 3137; x_wconf 84' lang='lat' dir='ltr'><em>ligneis</em></span> <span class='ocrx_word' id='word_1_525' title='bbox 1987 3067 2068 3114; x_wconf 82' lang='lat' dir='ltr'><em>ba-</em></span> 
     </span>
     <span class='ocr_line' id='line_1_88' title="bbox 1097 3139 2069 3210; baseline -0.011 -16"><span class='ocrx_word' id='word_1_526' title='bbox 1097 3147 1232 3202; x_wconf 86' lang='lat' dir='ltr'><em>culis,</em></span> <span class='ocrx_word' id='word_1_527' title='bbox 1249 3161 1362 3193; x_wconf 85' lang='lat' dir='ltr'><em>auro</em></span> <span class='ocrx_word' id='word_1_528' title='bbox 1391 3142 1587 3210; x_wconf 88' lang='lat' dir='ltr'><em>quidem</em></span> <span class='ocrx_word' id='word_1_529' title='bbox 1604 3139 1838 3195; x_wconf 58' lang='lat' dir='ltr'><em>obductis,</em></span> <span class='ocrx_word' id='word_1_530' title='bbox 1855 3139 2069 3186; x_wconf 88' lang='lat' dir='ltr'><em>contenti</em></span> 
     </span>
    </p>
   </div>
   <div class='ocr_carea' id='block_1_5' title="bbox 1082 3205 2072 3282">
    <p class='ocr_par' dir='ltr' id='par_1_5' title="bbox 1082 3205 2072 3282">
     <span class='ocr_line' id='line_1_89' title="bbox 1082 3205 2072 3282; baseline -0.011 -17"><span class='ocrx_word' id='word_1_531' title='bbox 1082 3214 1256 3265; x_wconf 71' lang='lat' dir='ltr'><em>fuere.</em></span> <span class='ocrx_word' id='word_1_532' title='bbox 1298 3215 1452 3282; x_wconf 84' lang='lat' dir='ltr'><em>Argui</em></span> <span class='ocrx_word' id='word_1_533' title='bbox 1471 3223 1529 3260; x_wconf 70' lang='lat' dir='ltr'><em>eit</em></span> <span class='ocrx_word' id='word_1_534' title='bbox 1556 3213 1624 3258; x_wconf 88' lang='lat' dir='ltr'><em>his</em></span> <span class='ocrx_word' id='word_1_535' title='bbox 1650 3211 1792 3256; x_wconf 88' lang='lat' dir='ltr'><em>etiam</em></span> <span class='ocrx_word' id='word_1_536' title='bbox 1811 3205 1960 3274; x_wconf 79' lang='lat' dir='ltr'><em>poffet</em></span> <span class='ocrx_word' id='word_1_537' title='bbox 1977 3225 2072 3273; x_wconf 86' lang='lat' dir='ltr'><em>quo</em></span> 
     </span>
    </p>
   </div>
   <div class='ocr_carea' id='block_1_6' title="bbox 1952 3291 2073 3326">
    <p class='ocr_par' dir='ltr' id='par_1_6' title="bbox 1952 3291 2073 3326">
     <span class='ocr_line' id='line_1_90' title="bbox 1952 3291 2073 3326; baseline -0.017 -1"><span class='ocrx_word' id='word_1_538' title='bbox 1952 3291 1997 3326; x_wconf 78' lang='lat' dir='ltr'><em>te</em></span> <span class='ocrx_word' id='word_1_539' title='bbox 2005 3295 2073 3324; x_wconf 70' lang='lat' dir='ltr'><em>n]-</em></span> 
     </span>
    </p>
   </div>
   <div class='ocr_carea' id='block_1_7' title="bbox 1477 3283 1589 3345">
    <p class='ocr_par' dir='ltr' id='par_1_7' title="bbox 1477 3283 1589 3345">
     <span class='ocr_line' id='line_1_91' title="bbox 1477 3283 1589 3345; baseline 0 -19"><span class='ocrx_word' id='word_1_540' title='bbox 1477 3283 1589 3345; x_wconf 53' lang='grc' dir='ltr'><em>(ζα</em></span> 
     </span>
    </p>
   </div>
  </div>
 </body>
</html>
