2482 3742
773 267 1277 321 CAPUT
1376 264 1552 316 XIX.

149 341 335 393 sticolas
372 341 589 410 exemplo
625 336 939 386 Ethnicorum
972 337 1124 406 sepul-

153 417 262 462 chra
289 416 362 461 SS.
380 416 662 479 Martyrum
697 410 929 458 columnis
947 445 963 466 ‚
993 407 1120 456 aliis-

149 502 243 550 que
266 480 502 532 ornatibus
531 478 830 529 cohonestare
856 477 1121 528 consuevis-

2056 291 2111 331 17
2115 296 2148 337 9

1177 335 1395 385 avulsum
1426 333 1698 385 occultasset
1722 371 1732 382 .
1770 336 1838 382 En
1868 337 1915 382 in
1945 344 2146 403 gratiam

1175 408 1387 455 Lestoris
1409 408 1654 455 Ammiani
1681 405 1849 453 verba:
1876 407 1923 456 Is
1942 425 1990 455 uc
2006 413 2146 476 loque..

1170 477 1295 526 batur
1307 477 1558 542 jaHanciics
1572 513 1588 534 ,
1615 477 1877 545 ‘versabilem
1890 478 2146 545 ſsminaam,

150 554 198 602 se
218 590 228 600 .
267 555 400 601 Patet
429 553 518 600 hoc
547 569 606 599 ex
623 547 793 616 Figura
820 552 972 616 prima
992 587 1008 607 ,
1034 565 1119 617 per
1164 551 1265 613 pofz'
1286 546 1513 613 nefzndmn
1528 547 1793 597 concubitum
1801 554 2076 620 periculosam
2098 559 2149 602 in

150 641 294 690 quam
324 623 654 689 Martyrium,
691 620 769 669 seu
796 622 1031 687 Martyris
1059 619 1122 668 se·
1162 616 1366 686 fraudem
1393 621 1544 668 illexit
1564 655 1580 676 ‚
1602 618 1816 688 sitasz'tque
1846 623 2151 687 consarcinatis

149 693 404 761 pulchrum
421 689 742 759 configuratur
761 727 771 737 .
795 691 946 739 Index
966 689 1030 738 est
1054 691 1122 736 in-

147 761 359 811 fallibilis
386 763 542 833 palma
567 764 614 809 in
634 762 791 810 medio
810 761 966 809 altaris
988 755 1124 806 affur-

147 849 290 900 gens,
327 833 418 899 quii
444 833 630 880 nulium
658 833 891 898 Martyrii
923 828 1120 898 symbo-

148 904 252 949 lum
275 904 430 969 aptius
447 938 457 948 .
499 903 678 950 Altaris
706 904 732 950 a
750 914 884 970 tergo
902 899 1122 950 florum-,2

148 989 325 1020 corona
347 970 633 1038 conspicitur
649 1008 663 1029 ,
702 990 804 1038 quae
832 973 976 1021 etiam
996 974 1123 1020 Mar-

146 1043 270 1108 tyrii
306 1059 532 1092 coronam
562 1044 718 1102 innuit
747 1063 762 1102 3
798 1044 844 1088 ni
882 1039 1036 1109 potitis
1071 1041 1121 1090 id

148 1114 421 1160 Gentilium
439 1130 571 1161 more
592 1109 767 1159 factum
784 1111 994 1160 dicamus
1008 1147 1024 1168 ,
1038 1115 1118 1178 qui

147 1185 330 1231 coronis
356 1180 643 1248 floribusque
663 1195 971 1229 monumenta
991 1181 1118 1248 spar-

147 1250 324 1320 gebant
339 1289 351 1299 .

220 1323 385 1370 Tertia
409 1323 610 1389 Figura,
649 1320 728 1370 seu
754 1321 920 1368 tertius
938 1319 1116 1368 Iconis-

145 1408 249 1439 mus
275 1392 469 1440 videtur
493 1409 603 1439 cum
625 1393 777 1458 primo
803 1388 985 1458 penitus
1008 1409 1122 1439 con«

144 1463 309 1511 venire
326 1497 342 1519 ‚
362 1459 396 1509 fi
417 1462 624 1530 palmam
641 1463 843 1528 excipias
858 1497 873 1518 ‚
900 1467 1028 1524 cujus
1048 1463 1119 1510 lo-

146 1549 200 1579 co
227 1529 333 1579 sunt
357 1533 510 1580 veluti
528 1533 661 1590 lilia,
697 1550 797 1598 quae
815 1529 935 1579 forte
960 1531 1115 1599 sepul·-

143 1602 311 1649 chrum
332 1603 544 1670 Virginis
563 1602 791 1651 denotant
807 1638 822 1660 ‚
848 1603 926 1650 vel
951 1599 1117 1650 saltem

145 1666 459 1728 Confefforis,
485 1689 578 1719 non
602 1685 760 1720 autem
783 1673 1018 1737 Martyris
1034 1707 1044 1716 .

204 1741 441 1790 »Secunda
474 1742 644 1807 Figura
681 1741 820 1789 valde
853 1740 1118 1808 discrepat3

144 1811 194 1858 in
219 1831 273 1861 ea
298 1814 429 1860 enim
455 1812 741 1878 exprimitur
759 1812 911 1860 veluti
933 1812 1118 1859 locula-

143 1895 364 1931 mentum
394 1884 442 1928 in
470 1883 679 1948 pariete,
717 1898 809 1929 non
845 1898 939 1928 uno
969 1882 1115 1930 modo

141 1965 450 2019 perornatum
475 1987 485 1997 .
526 1954 582 1998 In
617 1956 713 2015 ejus
741 1964 902 1999 centro
933 1966 1116 2018 proten-

141 2022 275 2070 ditur
301 2024 446 2070 altare
463 2056 477 2077 ,
507 2020 566 2068 ad
601 2020 740 2067 instar
765 2019 931 2070 mensa?
955 2024 1117 2088 pannis

144 2091 451 2148 contectum,
489 2110 539 2137 ac
568 2089 747 2138 duabus
774 2093 1029 2159 gemmatis
1049 2089 1113 2139 fa-

141 2161 247 2209 sciis
267 2166 326 2210 A.
343 2166 391 2209 ss.
427 2179 484 2209 ex
503 2178 558 2208 eo
586 2160 898 2227 pendentibus
927 2164 1115 2210 concin-

143 2246 332 2281 natum:
362 2230 420 2279 ad
440 2230 609 2299 pedem
630 2232 919 2296 altarisjacet
946 2251 1115 2299 parvu-

142 2303 245 2351 lum
262 2337 277 2359 ,
309 2298 652 2367 demiffumque
677 2301 1027 2369 suppedaneum
1055 2307 1113 2352 C.

141 2370 294 2420 tribus
317 2374 519 2440 gemmis
539 2373 744 2420 emicans
764 2393 774 2420 2
812 2374 856 2418 in
880 2369 1116 2440 frontispi-

142 2444 212 2489 tio
232 2441 367 2509 super
385 2461 515 2490 aram
545 2441 822 2509 producitur
847 2461 1115 2510 magnum-0

143 2513 452 2560 involucrum
471 2517 531 2560 D.
547 2514 621 2560 cui
641 2510 961 2580 supereminet
981 2515 1027 2560 in
1048 2533 1116 2562 or-

144 2581 305 2630 biculo
336 2585 470 2632 Crux
501 2584 554 2628 E.
584 2580 714 2640 Hic,
751 2581 785 2630 si
811 2583 1030 2632 hariolari
1058 2586 1115 2631 li-

142 2667 275 2709 ceat,
310 2654 489 2701 molem
513 2652 630 2700 hanc
658 2653 1113 2721 hie1·oglyphicam-‚

143 2721 467 2772 existimarem
484 2758 500 2780 ,
537 2723 587 2771 &
614 2719 804 2770 forsitan
831 2725 1115 2774 indicantem

142 2794 340 2857 alicujus
361 2789 599 2841 Pontificis
623 2794 828 2841 Maximi
847 2829 863 2850 ,
891 2793 988 2843 five
1009 2798 1115 2863 Epi-

140 2863 272 2931 scopi
296 2876 684 2912 monumentum.
712 2866 852 2912 Hanc
870 2865 989 2912 mihi
1018 2865 1114 2934 spe-

143 2935 266 2982 ciem
302 2935 532 2983 excitavit
562 2935 839 2982 Ammianus
866 2937 1110 2985 Marcelli-

142 3021 229 3051 nus
253 3005 336 3052 lib.
358 3010 434 3054 16.
456 3022 554 3070 cap,
575 3009 618 3053 8.
643 3002 724 3051 ubi
743 3018 900 3051 narrat
921 3004 979 3054 de
998 3026 1108 3072 qua-

143 3073 254 3122 dam
279 3075 482 3122 muliere
498 3109 512 3130 ,
549 3091 647 3139 quae
673 3072 730 3122 ab
750 3072 921 3124 amasio
945 3077 1104 3126 illece-

140 3139 236 3192 bris
266 3158 399 3214 capta
417 3180 432 3202 ‚
467 3145 517 3194 &
544 3143 745 3210 impulsa
769 3148 999 3193 maritum
1021 3149 1110 3198 de.)

140 3213 270 3262 furto
295 3212 533 3262 accusavit
549 3250 564 3271 ‚
592 3231 764 3282 nempe
792 3216 919 3281 quod
941 3220 1106 3267 velum

142 3301 434 3354 purpureum
473 3284 497 3332 ὲ
536 3281 780 3352 sepulchro
818 3288 1106 3339 Diocletiani

208 3352 351 3407 Par-I.

1176 688 1408 737 mendaciis
1424 690 1521 756 laesae
1536 690 1781 755 majes'i'acis
1805 692 1999 758 arcff‘re
2015 701 2148 745 mari-

1175 776 1264 807 tum
1282 760 1516 825 insontem,
1547 763 1602 809 &²
1617 763 1790 826 fingere
1813 763 1923 828 quod
1945 767 2150 815 velamen

1164 843 1418 895 purpureum
1448 835 1473 879 τὶ
1494 830 1759 880 Diocletiani
1775 832 1998 896 sepulchro
2015 831 2149 902 fhia-

1174 916 1260 956 tus,
1275 900 1522 968 quibusdam
1536 903 1712 970 consciis
1725 903 1969 951 occultabat.
1985 908 2149 972 Qiem

1175 970 1338 1018 locum
1363 972 1486 1018 notis
1512 970 1711 1020 illustrat
1734 973 1973 1021 Henricus
1997 979 2148 1026 Vale-³

1173 1037 1291 1098 lius,
1317 1042 1395 1107 qui
1419 1042 1637 1090 velamen
1664 1058 1958 1108 purpureum
1976 1060 2145 1094 notum

1172 1111 1291 1157 olim
1313 1149 1328 1170 ‚
1359 1108 1761 1175 certiffimumque
1791 1112 2150 1165 consecrationis

1173 1179 1405 1228 indicium
1430 1179 1562 1227 fuisse
1584 1192 1713 1230 tenet
1731 1216 1742 1226 .
1771 1182 2150 1253 Lindenbergius

1172 1252 1317 1297 etiam
1343 1251 1390 1296 in
1414 1253 1538 1298 notis
1557 1249 1739 1299 ibidem
1757 1285 1772 1306 ‚
1809 1251 2152 1316 pretiofiffirnis

1171 1318 1377 1366 vestibus
1418 1334 1580 1367 ornata
1619 1320 1854 1369 cadavera
1891 1324 2151 1390 antiquitus

1172 1386 1477 1456 comprobat:
1509 1388 1634 1438 unde
1655 1387 1807 1439 infero
1822 1426 1838 1447 ‚
1869 1409 1926 1439 ex
1947 1410 2001 1440 eo
2022 1394 2150 1460 quod

1172 1462 1527 1527 Imperatorum
1542 1495 1559 1518 ,
1590 1461 1938 1528 Procerumque
1956 1463 2152 1512 cadave-

1170 1546 1219 1576 ra
1235 1532 1480 1598 purpureis
1500 1530 1821 1580 velaminibus
1837 1537 2026 1601 contegi
2043 1553 2152 1584 con-

1169 1598 1358 1648 suetum
1377 1596 1515 1658 effer,
1543 1601 1593 1649 id
1613 1603 1759 1651 moris
1777 1603 1836 1650 ad
1861 1603 2152 1653 Christianos

1168 1667 1382 1727 fluxisse,
1407 1684 1460 1717 ut
1480 1689 1535 1718 ex
1554 1672 1708 1720 allatis
1730 1677 2050 1723 monumentis
2067 1675 2151 1723 do-

1169 1757 1337 1786 cemur
1367 1761 1381 1799 3
1428 1737 1753 1807 similibusque
1802 1745 2147 1810 integumentis

1168 1807 1356 1857 eosdem
1374 1809 1547 1858 Christi
1567 1808 1726 1861 fideles
1743 1826 1841 1860 tam
1862 1812 2147 1862 Pontificum

1171 1882 1312 1944 quam
1338 1878 1679 1947 Episcoporum
1699 1880 2031 1932 defunctorum
2050 1903 2150 1933 cor-

1172 1966 1310 2015 pora,
1342 1949 1601 2016 praesertim
1629 1951 1744 1999 dum
1759 1952 1876 2014 justa
1900 1952 2146 2020 persolve-

1169 2032 1332 2066 rentur
1356 2054 1372 2075 ,
1410 2017 1734 2070 condecoraffe
1754 2056 1765 2066 .
1807 2025 1955 2085 Cujus
1986 2025 2056 2071 rei
2089 2022 2150 2070 fi-

1167 2106 1316 2156 gnum
1338 2089 1532 2138 evidens
1547 2127 1563 2148 ,
1590 2092 1640 2141 &
1659 2107 1993 2159 argumentum
2017 2094 2146 2160 quod

1168 2177 1361 2207 omnem
1383 2158 1682 2209 haesitationis
1696 2159 1919 2210 nebulam
1940 2162 2145 2230 diffipat,

1172 2234 1303 2278 Crux
1325 2227 1390 2277 est
1415 2230 1561 2278 loculi
1593 2233 1642 2278 in
1668 2233 1877 2281 culmine
1905 2231 2111 2301 exprelia
2128 2272 2144 2293 ,

1170 2318 1266 2365 quae
1301 2297 1556 2348 Pontificiae
1590 2301 1833 2369 dignitatis
1868 2306 2145 2371 praecipua-2

1170 2383 1282 2417 nota
1302 2369 1524 2418 videtur:
1560 2369 1847 2420 Pontificum
1870 2375 2072 2441 quippe,
2093 2377 2145 2425 &

1171 2437 1456 2488 Antistitum
1494 2440 1559 2489 est
1588 2446 1795 2492 Crucem
1838 2456 1944 2491 ante
1982 2445 2145 2512 pectus

1170 2507 1384 2578 praeferre
1402 2547 1418 2567 ,
1447 2530 1588 2577 quam
1609 2514 1762 2561 Graeci
1779 2514 2028 2580 Encolpium
2053 2534 2142 2565 vo·-

1168 2584 1338 2628 citant.
1359 2580 1768 2631 Consuetudinem
1790 2587 1906 2632 hanc
1923 2584 2145 2653 antiquis-

1168 2650 1332 2699 simam
1361 2652 1529 2718 probat
1556 2657 1635 2702 Du
1661 2654 1859 2721 Saussay
1886 2657 1932 2702 in
1957 2655 2035 2703 sua
2057 2659 2145 2707 Pa-

1168 2725 1308 2788 noplia
1343 2723 1586 2792 Episcopali
1613 2723 1693 2771 lib.
1720 2743 1767 2787 4.
1800 2727 1850 2775 ὅς
1884 2726 2143 2776 deducitur

1167 2795 1312 2840 etiam
1331 2810 1388 2840 ex
1406 2796 1638 2843 Ciaconio
1659 2796 1820 2862 primae
1847 2796 2070 2846 editionis
2094 2801 2141 2844 in

1165 2864 1268 2910 Vita
1284 2865 1443 2911 Hilari
1462 2865 1591 2931 Papae
1606 2901 1623 2922 2
1654 2866 1736 2931 qui
1755 2867 1881 2915 vixit
1897 2886 2001 2914 ann.
2019 2876 2136 2930 46‘1.

1163 2934 1212 2982 &
1230 2929 1291 2980 fic
1310 2931 1504 2983 Mulivo
1525 2936 1636 2982 huic
1659 2939 1793 3003 operi
1815 2940 1857 2984 S.
1871 2939 2071 3005 joannis
2089 2939 2136 2983 in

1164 3008 1313 3052 Fonte
1334 3008 1572 3054 Ravenna>
1588 3003 1857 3055 finchronus
1874 3007 1989 3054 fuit.
2020 3009 2137 3054 Cru-

1164 3091 1269 3122 cem
1291 3076 1365 3122 hic
1396 3088 1493 3123 tam
1511 3075 1774 3144 fimplicem
1792 3113 1809 3133 ,
1845 3079 1981 3142 qnam
2000 3092 2134 3141 gem-

1161 3157 1340 3191 matam
1371 3163 1455 3212 pro
1479 3145 1609 3215 ligno
1638 3143 1890 3195 Pontificiae
1917 3144 2134 3208 maJesta-

1162 3216 1220 3261 tis
1239 3211 1449 3277 ulitavit3
1465 3216 1755 3280 eandemque
1771 3213 2047 3281 posteriores
2068 3217 2135 3262 in-

1161 3287 1218 3335 de
1250 3283 1527 3348 Pontifices,
1565 3285 1812 3333 Honorius
1839 3283 2068 3334 videlicet
2089 3289 2130 3334 I.

1182 3368 1184 3371 ·
1580 3356 1628 3402 Z
1668 3372 1693 3402 2
1991 3356 2115 3404 Seve
