2425 3747
298 249 365 294 68

296 309 669 368 rhomboidem‚
706 312 785 359 vel
820 310 967 358 etiam
999 307 1048 353 in
1082 305 1267 357 aliam„

294 382 639 433 multilateram
660 377 860 446 figuram
882 372 1207 427 extenduntur
1221 410 1233 423 .

363 455 607 504 Reticulati
637 455 743 500 cerci
773 446 914 495 habes
942 447 1186 514 exemplar
1220 448 1268 494 in

293 525 466 592 Figura
491 539 535 581 3.
558 517 754 588 praefata:
779 515 1006 568 Tabulae:
1035 519 1086 568 δε
1116 515 1266 565 istius-

294 593 428 642 modi
457 591 695 641 structum
718 588 895 656 species
928 588 1115 638 redolet
1141 601 1265 637 tem-

294 680 408 731 pora
433 660 646 709 florentis
674 657 971 727 Reipublicae
994 696 1007 712 .,
1044 662 1116 707 Ex
1150 677 1277 727 ope--

295 752 342 781 re
374 734 461 781 hoc
480 729 733 780 reticulato
759 731 895 799 plura
922 728 1077 779 adhuc
1105 742 1272 780 extant

293 798 488 850 :edificia
506 836 523 858 ‚
560 818 768 868 quorum
798 819 950 849 unum
971 800 1177 850 sufficiat
1202 804 1272 849 in—

292 866 461 920 dicaffe
485 884 713 938 tanquam
738 870 1034 922 notissimum
1054 909 1070 930 ‚
1099 890 1273 941 nempe

291 939 657 992 substructiones
678 943 779 992 illas
803 957 937 992 extra
958 957 1149 1011 portam
1167 945 1280 997 Fla-¹

292 1013 496 1078 minian]
512 1048 527 1070 ‚
558 1031 660 1079 quae
687 1016 713 1062 a
729 1015 880 1082 vulgo
900 1013 1276 1064 denominantur

292 1081 432 1134 Maro
461 1081 620 1142 Torta,
659 1082 778 1134 idest
804 1103 970 1147 murus
996 1086 1274 1135 inclinatus.

364 1152 557 1203 Verum
583 1157 633 1206 ὃς
659 1158 708 1204 in
725 1159 970 1207 reticulatis
988 1162 1116 1207 certis
1141 1175 1278 1206 non-s

291 1223 463 1275 eadem
485 1223 730 1294 dispositio
753 1227 984 1296 perpetuo
1002 1226 1187 1277 servata
1202 1227 1282 1278 est:

293 1296 342 1343 in
371 1295 611 1359 aliqUibus
640 1300 768 1349 enim
789 1298 1048 1367 parietibus
1074 1301 1281 1350 alterna-

292 1364 384 1411 tim
416 1361 738 1430 disponuntur
770 1370 930 1435 plures
962 1370 1282 1421 horizontales

293 1432 484 1482 ordines
512 1434 717 1482 laterum
736 1469 752 1491 ,
769 1440 850 1500 qui
871 1436 1183 1501 intercipiunt
1202 1452 1281 1482 or-

294 1504 428 1552 dines
459 1506 615 1571 operis
648 1505 889 1554 reticulati
907 1540 922 1561 ‚
962 1504 1281 1553 adinvicem-2

289 1571 630 1641 superpofitos,
644 1572 763 1624 adeo
781 1588 834 1623 ut
851 1576 999 1641 paries
1017 1589 1144 1623 totus
1163 1576 1287 1623 rnul-

291 1645 452 1712 tiplici
472 1646 626 1694 veluti
659 1642 804 1694 fascia
822 1647 1182 1713 circumligatus
1204 1664 1284 1712 ap-

292 1728 458 1780 pareat
476 1751 486 1759 .
527 1717 643 1760 Alia
671 1714 867 1776 quidem
897 1733 1040 1782 opera
1068 1714 1284 1763 constant

291 1779 539 1850 produstis
565 1782 614 1824 in
646 1780 846 1844 longum
872 1785 1010 1827 lineis
1038 1785 1282 1831 horizonti

291 1850 530 1920 parallelis
546 1882 561 1905 ‚
594 1864 706 1915 quas
725 1865 897 1916 nempe
923 1846 1142 1897 efficiunt
1166 1853 1282 1903 late-

291 1939 365 1970 res
391 1922 458 1967 ita
493 1915 738 1986 dispositi:
777 1919 869 1966 alia
903 1919 1020 1968 Vero
1042 1922 1180 1969 lineis
1208 1922 1286 1972 se)

292 1984 650 2045 decussantibus
675 2023 692 2047 ,
728 1990 889 2055 quales
928 1987 1183 2039 efformant
1217 1989 1285 2041 se-

294 2061 489 2111 &orum
520 2055 804 2126 prismatum
823 2061 1001 2117 latera,
1039 2060 1157 2110 dum
1177 2064 1285 2131 apte

294 2131 648 2190 connectuntur
665 2166 676 2177 .
710 2132 870 2192 Hujus
890 2129 1132 2181 structura
1153 2133 1283 2183 sche-

296 2220 378 2251 ma
404 2201 520 2251 vide
541 2203 589 2248 in
609 2198 777 2249 eadem
811 2199 933 2248 Tab.
959 2205 1159 2253 XXVI.
1182 2206 1284 2272 Fig.

296 2292 344 2337 4.
385 2271 469 2319 ubi
502 2270 991 2320 animadvertendum
1024 2271 1120 2331 est,
1156 2274 1286 2342 quod

297 2342 528 2392 ordinum
560 2342 866 2410 intercapedo
898 2346 1086 2410 aequalis
1108 2344 1285 2413 ubique

298 2432 395 2463 non
412 2413 505 2471 est,
520 2414 697 2460 namin
716 2412 954 2481 aliquibus
973 2414 1182 2465 aedificiis
1198 2435 1284 2464 nu-

298 2497 545 2534 merantur
563 2502 743 2533 novem
770 2485 964 2542 lateres,
998 2488 1047 2533 in
1065 2488 1168 2536 aliis
1198 2487 1283 2537 de-

300 2573 437 2613 cem,
464 2554 544 2602 vel
567 2553 795 2602 undecim
815 2590 831 2610 ,
861 2573 1067 2620 quorum
1086 2563 1285 2622 conjun‘

301 2626 459 2674 &ione
498 2623 807 2673 constituitur
842 2621 994 2674 fasciae
1030 2628 1239 2677 altitudo
1270 2667 1286 2687 ‚

270 2709 416 2763 sputa
437 2697 576 2743 unius
598 2696 790 2743 circiter
818 2694 977 2762 pedis:
1007 2698 1118 2746 huic
1151 2699 1287 2748 dein-

303 2765 363 2814 de
402 2763 635 2812 incumbit
671 2766 819 2815 altera
853 2768 1095 2817 reticulati
1130 2771 1285 2837 operis

302 2832 443 2883 fascia
470 2869 486 2891 ‚
525 2833 733 2883 duorum
766 2836 848 2884 vel
879 2839 1029 2886 trium
1060 2840 1284 2907 pedum-⁵

302 2902 576 2954 mensuram
612 2902 693 2952 sual
726 2907 980 2957 latitudine
1009 2912 1284 2979 complens:

304 2977 378 3024 illi
410 2989 571 3024 autem
602 2973 938 3043 superponitur
971 2998 1125 3029 novus
1165 2983 1284 3031 ordo

304 3046 510 3097 laterum
523 3081 539 3104 ‚
569 3045 736 3112 istique
754 3045 911 3096 denuo
932 3052 1284 3101 reticulatum-2

304 3135 423 3185 opus
443 3153 453 3163 .
492 3121 720 3166 Formam
742 3119 807 3164 ita
828 3117 1128 3170 construendi
1158 3123 1287 3172 usur-

306 3203 466 3260 patam
492 3183 624 3237 fuisse
644 3201 759 3254 puto
780 3189 1038 3240 inclinante
1054 3193 1287 3260 Republi-

304 3260 392 3317 ca,
421 3277 473 3307 ac
492 3257 690 3327 viguiffe
718 3256 864 3328 usque
889 3259 947 3310 ad
974 3262 1169 3312 initium
1186 3269 1284 3314 Im-

703 236 1135 292 VETERA
1208 232 1909 295 MONIMENTA

1324 305 1446 373 perii
1471 327 1481 358 ;
1521 324 1614 373 quo
1654 320 1871 375 tempore
1909 303 2030 356 cum>
2057 320 2309 376 augeretur

1321 373 1570 424 servorum
1604 395 1860 434 numerus,
1898 378 1979 444 qui
2009 379 2216 429 laterum
2239 378 2306 429 fa-

1323 445 1460 495 bricae
1487 449 1716 516 applicari
1743 445 1955 517 possent,
1995 449 2132 499 aucta
2166 448 2310 499 fimul

1320 514 1413 566 fuit
1432 519 1697 568 eorundem
1717 520 1922 567 laterum
1951 523 2121 589 copia,
2149 523 2200 572 &
2226 540 2311 570 no-

1322 606 1441 637 vum
1462 586 1658 640 subinde
1675 589 2037 640 constructionis
2058 610 2207 660 genus
2229 609 2311 642 ex-

1325 672 1488 708 ortum
1506 658 1593 708 est.
1625 662 1846 728 Speciem
1865 663 2035 729 prioris
2068 662 2317 713 structurae

1327 731 1615 780 intercalaris
1636 729 1703 788 (fi
1723 749 1830 781 eam
1850 733 1917 781 ita
1939 750 2112 782 vocare
2129 732 2196 784 fas
2224 730 2318 794 fit)

1328 799 1580 850 observavi
1607 803 1667 849 *in
1704 804 1902 869 antiquo
1935 800 2153 851 Tusculo
2173 839 2188 860 ‚
2223 804 2319 852 una-

1328 891 1438 923 cum
1456 871 1654 921 laudato
1673 876 1734 921 D.
1756 872 1916 922 Abate
1940 874 2204 920 Blanchino
2221 909 2236 930 ,
2269 874 2323 919 in

1330 947 1436 994 loco
1455 945 1537 1012 qui
1567 961 1692 992 nunc
1713 943 1893 992 dicitur
1907 979 1923 1000 ,
1955 946 1995 994 le
2006 943 2156 994 Scuole
2174 944 2224 992 di
2244 945 2322 996 Ci-

1329 1032 1508 1075 cerone3
1539 1032 1592 1061 ac
1626 1016 1776 1064 etiam
1811 1018 1981 1063 Romae
2015 1015 2065 1061 in
2087 1012 2325 1063 viridario

1330 1083 1548 1135 Eccleliae
1579 1087 1622 1132 S.
1653 1088 1831 1134 MARIAE
1857 1086 2082 1133 Sanitatis
2103 1121 2120 1143 ‚
2157 1085 2208 1135 ὅ(
2237 1086 2325 1132 ΞΠ...

1335 1155 1641 1225 Aquaedustu
1660 1156 1859 1219 Trajani
1877 1191 1888 1202 .

1395 1233 1529 1277 Dum
1549 1228 1645 1276 haec
1661 1227 1914 1276 reticulata
1936 1241 2080 1293 opera
2098 1223 2330 1283 rimabar,

1336 1298 1660 1349 animadverti
1680 1315 1775 1348 non
1797 1297 1959 1345 omnia
1988 1314 2046 1344 ex
2065 1296 2215 1364 topho
2238 1297 2331 1344 ela·

1337 1371 1504 1419 borata
1532 1367 1650 1426 effe,
1684 1382 1738 1417 ut
1768 1366 1847 1415 hic
1869 1370 2067 1428 Romae,
2094 1367 2247 1433 neque
2272 1381 2333 1414 ex

1337 1436 1465 1486 filice
1478 1474 1492 1489 ,
1525 1453 1580 1486 ut
1595 1437 1826 1499 Tusculi3
1853 1436 1933 1487 sed
1949 1438 2097 1486 etiam
2116 1436 2332 1501 quando-

1337 1519 1429 1569 que
1458 1519 1518 1550 ex
1536 1517 1779 1549 marmore
1798 1508 2064 1550 Tiburtino
2080 1542 2096 1559 ,
2115 1508 2165 1556 &
2180 1524 2240 1556 ex
2266 1507 2335 1553 la-

1338 1573 1450 1640 pide
1467 1568 1660 1620 Albano
1672 1607 1688 1628 ‚
1708 1568 1829 1618 ficut
1848 1570 1944 1618 loci
1965 1575 2303 1638 opportunitas
2317 1609 2334 1631 ,

1338 1645 1388 1694 ὃς
1413 1643 1686 1690 vicinarum
1712 1639 1988 1691 fodinarum
2014 1653 2185 1689 natura
2208 1640 2333 1692 fere-

1338 1712 1446 1760 bat.
1486 1708 1892 1777 Antiquiffimum
1922 1708 2182 1760 aedificium
2219 1715 2333 1762 reti-

1335 1783 1484 1830 culati
1503 1783 1656 1848 operis
1674 1780 1779 1830 vidi
1797 1781 2048 1831 Corniculi
2063 1818 2080 1840 ‚
2097 1783 2226 1849 quod
2245 1781 2335 1850 ipfi

1339 1852 1659 1904 Curniculani
1697 1853 1853 1901 Servii
1885 1852 2070 1910 Tullii,
2107 1858 2199 1905 VI.
2236 1857 2336 1902 Ro-

1339 1939 1594 1971 manorum
1628 1923 1776 1988 Regis
1803 1958 1819 1979 ,
1859 1939 1918 1970 ex
1955 1921 2109 1970 nobili
2148 1921 2334 1972 femina

1339 1990 1698 2047 Corniculand3
1742 1992 1938 2059 captiva
1956 2006 2119 2039 tamen
2134 2027 2150 2050 ,
2177 1995 2228 2043 &
2248 2011 2333 2041 an-

1339 2059 1449 2111 cilla'i
1469 2062 1601 2120 nati,
1626 2062 1865 2109 Palatium
1880 2059 2016 2110 fuiffe
2037 2060 2332 2112 existimant.

1338 2136 1457 2184 Haec
1474 2133 1593 2180 mihi
1610 2131 1847 2182 indicavit
1861 2137 1920 2181 D.
1938 2130 2209 2183 Franciscus
2228 2137 2333 2182 Ma-

1339 2207 1408 2253 ria
1441 2204 1739 2260 Lancianus,
1777 2203 1894 2252 dum
1926 2206 2169 2271 praeterito
2208 2221 2332 2252 anno

1345 2281 1493 2338 1689.
1533 2274 1661 2343 apud
1700 2271 1857 2342 ipsum
1895 2277 1989 2325 una
2028 2293 2140 2324 cum
2178 2273 2333 2325 solitis

1341 2349 1506 2396 amicis
1525 2344 1691 2414 hospes
1713 2363 1846 2394 eram
1861 2381 1872 2391 .

1424 2418 1714 2465 Lateritium
1749 2433 1866 2482 opus
1899 2416 2154 2465 reticulato
2189 2414 2331 2464 inseri

1339 2502 1556 2558 coeptum
1575 2486 1749 2535 ultimo
1765 2484 2064 2552 Reipublicae
2085 2500 2330 2555 tempore,

1339 2555 1551 2629 superius
1575 2556 1814 2617 diximus3
1845 2557 1870 2604 a
1889 2558 2066 2605 Graecis
2099 2560 2227 2606 enim
2260 2558 2330 2604 la-

1340 2631 1552 2681 teritiam
1568 2624 1792 2694 accepisse
1809 2632 2074 2684 RomanOS,
2091 2633 2204 2676 cum
2220 2627 2330 2675 sub-

1340 2699 1442 2752 asta
1461 2697 1645 2749 Graecia
1675 2716 1839 2748 omnes
1868 2712 1990 2747 artes
2012 2701 2226 2746 Romam
2250 2697 2332 2746 ad·-

1337 2773 1570 2823 veherent
1594 2805 1609 2826 ,
1646 2771 1846 2817 minime
1877 2766 2134 2816 obscurum
2171 2767 2330 2818 videri

1339 2840 1517 2912 potest,
1544 2836 1578 2887 fi
1600 2841 1742 2887 Plinii
1762 2842 1894 2888 locus
1910 2837 1993 2886 lib.
2015 2854 2095 2899 35.
2118 2859 2222 2908 cap.
2254 2856 2330 2901 14-

1338 2915 1594 2979 diligenter
1627 2910 1951 2978 perpendatur
1981 2946 1993 2956 .
2032 2909 2107 2958 Ibi
2150 2911 2331 2959 etenim

1338 3000 1484 3052 opera
1501 2982 1710 3030 lateritia
1731 2979 2036 3038 recensendo,
2058 2982 2265 3048 plurima
2281 2979 2333 3028 ὅτ.

1338 3051 1648 3104 celeberrima
1682 3055 1962 3101 Graecorum
1982 3052 2236 3099 nominat:
2278 3051 2327 3096 in

1342 3126 1482 3175 Italia
1502 3124 1619 3171 vero
1639 3126 1851 3180 Arretii,
1883 3124 1934 3173 ὃς
1954 3123 2196 3170 Mevaniae
2219 3137 2328 3167 mu-

1339 3213 1449 3244 rum
1467 3191 1554 3243 effe
1574 3189 1747 3252 asserit,
1762 3194 1891 3257 cujus
1909 3211 1995 3242 nec
2016 3205 2223 3249 aetatem,
2244 3206 2332 3238 nec

1339 3266 1723 3334 magnitudinem
1758 3264 1923 3335 prodit
1952 3300 1963 3310 .
2004 3261 2135 3312 Cum
2183 3262 2334 3330 igitur

2247 3346 2330 3377 no-
