2425 3747
256 286 261 292 ,
1782 265 1944 299 XX111

102 329 206 364 ante
221 351 236 373 ,
253 313 351 364 visa
372 315 618 371 viderunt,
636 330 689 360 ac
713 313 946 380 praecipue*
967 314 1012 360 in
1029 316 1217 362 Saturni
1243 311 1500 383 systemate
1520 352 1535 376 ,
1554 315 1602 362 in
1629 320 1724 378 ejus
1752 321 1946 379 annulo,

99 403 239 452 atque
257 387 301 432 in
312 392 406 449 ejus
431 380 718 432 Satellitibus
736 419 745 430 .
778 383 915 432 Tunc
933 380 1028 433 five
1045 382 1237 452 Eclipfis
1266 387 1558 453 contingeret
1576 421 1592 443 ,
1611 382 1708 434 five
1741 390 1944 438 Cometa

97 459 302 507 oriretur
318 492 333 514 ,
363 453 458 504 five
475 452 607 502 aliud
623 453 939 520 quodcunque
959 455 1006 500 in
1022 456 1164 503 Coelo
1187 455 1528 505 Phaenomenon
1546 454 1837 524 fulguraret,
1866 457 1941 506 hic

96 524 459 593 expendendum
481 559 497 582 ,
527 542 578 571 ac
603 524 936 572 trutinandum
969 523 1321 592 proponebatur
1337 561 1348 571 .
1376 524 1471 574 Hic
1490 525 1686 574 demum
1705 526 1942 593 quidquid.

95 596 300 652 insoliti,
321 608 403 642 aut
425 594 659 661 peregrini
681 595 756 641 vel
788 597 973 642 Natura
991 630 1006 652 ,
1028 596 1106 643 vel
1122 597 1214 641 Ars
1231 596 1521 661 produxerat
1537 630 1553 653 ‚
1571 595 1854 664 diligenti&
1877 596 1942 647 se-

98 684 214 715 vero
246 665 465 714 examine
504 660 846 731 ingeniofiffimi
865 664 1112 712 hominum
1140 661 1450 713 discutiebant
1474 700 1489 721 ,
1525 665 1781 731 praesertim
1809 664 1939 735 ipse,

97 736 376 801 Ciampinus
392 770 407 791 ,
427 737 680 782 acerrimus
698 750 857 783 rerum
872 736 1086 782 omnium
1107 731 1413 802 investigator
1431 770 1447 792 ,
1467 735 1680 798 &judex
1701 771 1711 781 .
1743 738 1939 805 Qippe

95 806 332 854 continuis
362 802 761 852 observationibus
784 805 992 860 inhians,
1017 804 1065 852 ὅ(
1091 799 1274 870 semper
1305 804 1484 869 aliquid
1504 808 1617 852 novi
1648 806 1696 852 in
1720 807 1937 855 medium

94 873 318 933 afferens,
340 892 461 921 nunc
480 872 845 933 demonstrabat,
862 870 1104 940 quomodo
1124 872 1260 931 cisia,
1288 870 1385 922 five
1412 875 1670 932 curriculi,
1700 889 1781 922 aut
1804 877 1938 943 plau·

95 944 185 993 stra
201 941 326 993 facili
348 945 540 1010 negotio
570 944 808 994 movenda
824 942 912 991 fint
927 978 943 1000 ,
960 943 1106 991 etiam
1125 941 1217 992 fine}
1246 943 1611 1011 quadrupedum
1631 944 1935 1007 adjumento:

95 1033 215 1063 nunc
231 1012 511 1081 exponebat,
527 1032 619 1080 quo
639 1015 774 1083 pasto
792 1014 1008 1061 volucres
1024 1025 1212 1060 tranent
1225 1029 1329 1060 aera
1347 1048 1362 1070 ,
1377 1014 1426 1062 &
1444 1031 1532 1079 qua
1555 1015 1731 1062 ratione
1758 1016 1839 1062 alae
1863 1034 1935 1063 ar-

95 1084 273 1134 tefatstae
303 1081 544 1150 adaptari,
562 1087 612 1134 ὅ(
638 1085 696 1132 ad
725 1085 941 1139 volatum
972 1084 1194 1148 compelli
1219 1079 1416 1149 poffint:
1465 1101 1587 1130 nunc
1613 1082 1811 1130 docebat
1828 1101 1935 1150 gra.

93 1157 231 1203 vium
256 1152 555 1210 descensum,
573 1155 622 1203 &
648 1170 813 1202 eorum
830 1154 877 1199 in
906 1166 1044 1201 motu
1072 1153 1406 1201 velocitatem:
1429 1169 1551 1200 nunc
1577 1154 1937 1220 proportionem

92 1227 212 1274 inter
226 1221 404 1292 pondus
421 1222 641 1280 mobilis,
664 1224 711 1273 &
731 1225 833 1273 vim
848 1223 1087 1271 moventis
1106 1219 1202 1270 live
1225 1223 1487 1270 naturalem
1505 1258 1521 1280 ,
1547 1220 1645 1271 five
1664 1223 1839 1273 rotis&
1856 1241 1939 1272 ve-

90 1294 240 1346 stibus
255 1293 536 1343 excitatam:
561 1310 684 1340 nunc
698 1293 983 1360 gravitatem
996 1328 1011 1350 ,
1040 1289 1321 1358 preffionem
1336 1327 1351 1348 ,
1369 1293 1419 1343 δε
1435 1291 1673 1341 elasticam
1703 1294 1820 1341 aeris
1839 1294 1936 1340 vir-

94 1377 276 1423 tutem,
301 1379 480 1410 necnon
512 1363 783 1412 electricam
821 1364 1050 1412 virtutem
1069 1364 1327 1429 magnetis:
1356 1380 1479 1411 nunc
1508 1359 1852 1430 suspensionem
1873 1364 1935 1410 li-

92 1451 295 1503 quorum
315 1467 330 1489 ,
357 1434 406 1481 &
434 1432 491 1480 ad
511 1435 663 1481 varias
680 1433 957 1481 altitudines
983 1433 1334 1488 elevationem,
1352 1437 1486 1497 juxta
1518 1450 1683 1482 eorum
1701 1432 1936 1501 pondera,

93 1509 140 1553 in
161 1503 338 1551 tubulis
365 1503 528 1550 vitreis
549 1503 912 1552 Turricellianis
930 1524 939 1550 :
959 1520 1079 1550 nunc
1106 1499 1345 1569 quousque
1363 1500 1642 1562 ascendant,
1660 1499 1758 1551 five
1779 1504 1938 1551 extol-

93 1578 251 1625 lantur
271 1574 505 1621 Mercurii
534 1572 723 1641 spiritus
738 1611 753 1632 ‚
782 1575 831 1624 ὅ(
847 1575 987 1640 quar&
1006 1574 1187 1621 vitrum
1207 1609 1222 1630 ,
1240 1585 1322 1619 aut
1347 1573 1639 1621 christallum
1658 1574 1940 1640 neutiquam

91 1643 437 1715 penetrent3&
463 1644 551 1691 alia
581 1645 781 1711 plurima
799 1680 814 1701 ,
833 1661 933 1710 quae
960 1642 1201 1692 diutinum
1228 1638 1340 1691 esset
1358 1641 1433 1690 hic
1460 1641 1698 1693 recensere
1718 1679 1728 1690 .

236 1715 305 1761 At
334 1714 486 1762 veluti
518 1716 563 1762 in
583 1728 654 1762 tot
677 1713 896 1781 operibus
915 1715 1176 1770 otiaretur,
1213 1730 1397 1762 novum
1431 1713 1610 1778 aliquid
1637 1710 1809 1760 affidu&
1841 1731 1936 1763 me-

94 1782 432 1842 ditabatur3ac
461 1785 660 1851 proinde
692 1783 981 1832 Sodalitium
1009 1800 1067 1830 ex
1098 1784 1343 1850 praecipuis
1368 1783 1668 1830 eruditorum
1698 1779 1935 1841 instituit,

93 1856 174 1922 qui
203 1866 308 1902 orto
344 1850 537 1918 vespere
573 1856 618 1900 in
646 1860 742 1916 ejus
774 1851 973 1901 domum
1004 1853 1346 1906 convenirent,
1383 1853 1433 1901 ὃς
1463 1852 1521 1900 de
1552 1850 1688 1899 rebus
1718 1852 1938 1901 literariis

93 1942 201 1972 cum
224 1920 321 1991 ipso
341 1919 643 1972 dissererent.
683 1925 752 1970 Ex
772 1925 827 1970 iis
842 1958 856 1981 ,
887 1924 967 1988 qui
990 1923 1169 1970 meritis
1185 1922 1233 1970 &
1252 1920 1464 1968 doctrina
1487 1919 1761 1988 praestabant
1777 1918 1937 1976 ,silen-

91 1996 160 2042 tio
181 1992 567 2060 praetermittendi
591 2010 680 2040 non
699 1991 804 2041 sunt
834 1992 1105 2040 Ludovicus
1125 1990 1370 2059 Sergardi,
1408 1987 1674 2039 Franciscus
1698 2008 1723 2037 a
1745 1990 1905 2039 Turre
1922 2026 1938 2050 ,

92 2063 331 2114 Antonius
349 2064 687 2131 Malagonelli,
715 2063 884 2111 Paulus
901 2063 1196 2111 Falconerius
1212 2100 1227 2122 ‚
1264 2057 1446 2128 Gaspar
1480 2059 1558 2109 del
1579 2061 1732 2109 Torto
1752 2095 1768 2117 ,
1782 2062 1936 2128 Joan-

93 2151 172 2182 nes
184 2133 420 2179 Antonius
440 2133 660 2182 Baldinus
674 2169 690 2191 ,
725 2134 892 2182 Paulus
911 2133 968 2182 de
984 2132 1211 2199 Maphaeis
1224 2167 1240 2188 ‚
1258 2132 1500 2179 Marianus
1517 2131 1763 2188 Patritius,
1781 2131 1938 2198 Bapti-

94 2200 159 2251 sta
174 2201 421 2258 Sardinus,
458 2203 734 2251 Laurentius
763 2204 1030 2271 Zaccagni,
1067 2200 1340 2251 Caelestinus
1360 2201 1759 2258 Guicciardinus,
1795 2204 1934 2250 Fran·-

92 2269 236 2322 ciscus
261 2273 420 2329 Serra,
457 2273 633 2322 Vitalis
651 2273 887 2340 jordanus
908 2309 925 2332 ,
963 2273 1169 2341 Raphael
1197 2269 1445 2322 Fabrettus
1466 2306 1482 2327 ,
1513 2272 1750 2339 Georgius
1779 2270 1932 2337 Bagli-

92 2360 182 2391 vus
205 2378 221 2399 ,
258 2337 526 2390 Franciscus
547 2342 827 2390 Blanchinus
850 2378 866 2400 ,
893 2347 1099 2412 Joannes
1116 2343 1400 2391 Vincentius
1440 2343 1653 2394 Gravina
1681 2376 1697 2397 ,
1723 2343 1937 2408 Joannes

91 2414 279 2463 Marius
306 2409 362 2460 de
397 2409 745 2460 Crescimbenis
772 2447 788 2469 ,
813 2416 892 2481 Jo.
922 2409 1125 2478 Baptista
1161 2413 1376 2477 Zappius
1400 2445 1416 2466 ,
1441 2413 1524 2477 Jo.
1555 2408 1760 2477 Baptista
1788 2409 1931 2456 Luci·-

90 2501 205 2540 nus,
242 2478 394 2530 Caesar
422 2483 689 2549 Bigolottus
708 2517 723 2538 ,
744 2482 903 2550 Justus
936 2482 1253 2537 Fontaninus,
1292 2479 1565 2528 Franciscus
1584 2479 1742 2528 Maria
1772 2480 1932 2526 Mala-

93 2551 222 2620 spina
244 2586 258 2609 ,
285 2553 490 2618 joannes
511 2554 790 2620 Filingerius
807 2587 823 2609 ,
854 2552 1080 2600 Nicolaus
1102 2551 1342 2598 Antonius
1365 2549 1556 2617 Cuggio
1574 2585 1590 2607 ,
1617 2553 1829 2619 Joannes
1850 2551 1930 2596 Ba·

94 2621 231 2690 ptista
250 2620 506 2670 Riccardus
521 2620 722 2691 ,Joseph
742 2624 948 2690 Ignatius
966 2618 1223 2671 Corderius
1241 2656 1258 2678 ,
1277 2621 1532 2668 memorati
1554 2623 1762 2688 Joannes
1794 2622 1933 2667 Fran-

94 2690 242 2741 ciscus
263 2689 476 2740 Albanus
494 2727 511 2750 ,
528 2695 728 2742 Carolus
747 2693 804 2741 de
830 2692 1061 2740 Tournon
1075 2724 1090 2747 ,
1106 2692 1386 2738 Dominicus
1405 2690 1603 2738 Riviera
1623 2724 1640 2746 ,
1677 2690 1851 2754 aliique
1870 2686 1932 2735 fa·

95 2781 180 2811 mae
221 2762 271 2811 &
305 2763 509 2809 nominis
533 2764 846 2811 immortalis,
1788 2767 1795 2771 “

238 2829 505 2880 Docsiiffimi
524 2831 743 2880 Sodalitii
769 2829 1105 2900 disputationes
1123 2831 1299 2878 mirum
1320 2831 1367 2876 in
1392 2829 1590 2879 modum
1609 2825 1803 2878 fovebat
1817 2864 1833 2886 ,
1850 2829 1934 2876 im-

92 2902 175 2950 mo
192 2900 432 2950 excitabat
451 2899 635 2971 insignis
662 2903 965 2966 antiquorum
984 2901 1210 2950 ruderum
1231 2900 1382 2966 copia,
1396 2918 1497 2966 quae
1518 2899 1799 2948 adstantium
1821 2916 1935 2947 ocu-

92 2973 148 3021 lis
166 2973 534 3037 circumquaque
564 2969 873 3023 offerebatur:
910 2971 1034 3021 unde
1052 2971 1250 3020 Carolus
1271 2971 1637 3019 Bartholomaeus
1654 2970 1819 3018 Piazza
1844 2970 1932 3018 in..·

94 3040 304 3092 Traffasu
332 3043 383 3090 de
404 3041 686 3094 Bibliothecis
718 3044 955 3100 Romanis,
990 3042 1232 3108 Ciampini
1266 3037 1440 3088 aedibus
1459 3042 1546 3088 hoc
1565 3041 1839 3089 encomium
1858 3051 1930 3085 at-

101 3108 293 3160 tribuit:
330 3110 441 3161 Tota
456 3114 600 3162 domus
615 3113 888 3183 Gymnastum
908 3115 997 3163 eff.
1037 3109 1272 3159 Ansaldus
1293 3110 1408 3158 item
1432 3110 1490 3159 de
1511 3108 1730 3159 Ansaldis
1749 3112 1928 3156 Roma-

92 3197 158 3226 nae
179 3182 309 3228 Rotae
332 3182 564 3241 Auditor,
601 3185 648 3230 in
671 3182 893 3232 Discursu
911 3183 1135 3232 Generali
1156 3180 1214 3229 de
1232 3182 1541 3229 Commercio
1556 3217 1571 3238 ,
1608 3182 1658 3230 &
1685 3182 1927 3227 Mercatu-

92 3266 168 3306 ra,
205 3245 284 3296 sub
303 3248 472 3310 finem,
512 3255 756 3321 Ciampini
777 3253 1003 3314 domum,
1037 3254 1086 3303 ὃς
1104 3248 1339 3301 Musaeum
1356 3252 1420 3301 ita
1438 3249 1668 3300 celebrat:
1708 3247 1777 3310 Ut
1794 3249 1929 3314 liquet

1869 3334 1924 3364 ex
