2425 3747
341 284 513 407 §uram
531 329 728 382 stantem
745 369 762 390 ,
791 349 890 399 quae
908 332 950 376 S.
971 326 1221 376 Andream
1238 326 1321 375 de-

340 409 493 479 signat
508 440 523 462 ,
542 421 651 452 cum
667 399 996 467 inscriptione:
1028 400 1076 448 O
1098 395 1321 446 Arloc

343 476 674 529 ANAPEAC
691 508 700 518 .
739 469 925 521 Sanc‘lus
942 468 1146 519 Andreas
1170 504 1180 515 .

415 549 588 597 XVII.
629 548 685 591 In
705 540 892 589 decimo
919 537 1124 608 septimo
1154 540 1232 587 vir
1260 536 1326 587 est

343 618 494 668 Cruci
522 611 717 665 affixus,
749 628 833 678 per
864 628 1007 673 quem
1027 609 1124 677 ipse
1156 612 1200 657 S.
1223 612 1326 657 An-

343 688 478 736 dreas
504 683 789 739 denotatur,
824 681 936 728 licet
965 699 1025 731 ex
1050 681 1203 729 literis
1231 698 1327 729 non

342 766 568 825 appareat
588 789 598 798 .

415 826 618 876 XVIII.
661 825 717 870 In
750 823 940 871 decimo
969 821 1144 871 οὲὶεινο
1163 819 1228 871 est
1247 823 1326 870 Fi-

340 902 457 971 gura
472 895 569 1011 {igi
589 892 749 941 stantis
762 929 779 951 ,
807 891 898 1012 quji
923 891 1197 972 designatur
1214 894 1327 940 San-

339 970 873 1086 {ssffigmgssffiffe
892 966 1244 1087 fef-1352?-
1282 965 1330 1013 O

415 1108 564 1156 XIX.
605 1106 867 1153 Decimum
890 1121 1074 1148 nonum
1101 1107 1329 1152 Circum-

346 1173 572 1224 cifionem
602 1172 806 1220 Domini
842 1189 892 1220 re
930 1168 1145 1221 raesentat
1166 1210 1182 1231 ‚
1233 1191 1334 1240 quae

345 1243 454 1296 cam
475 1240 595 1295 exse
620 1238 861 1291 notiffima
879 1190 937 1288 ἔτ
952 1279 970 1300 ,
1009 1245 1334 1310 explicatione

344 1332 442 1366 non
466 1311 678 1379 indiget.
718 1315 830 1377 Ejus
867 1313 1036 1361 titulus
1069 1312 1172 1364 est:
1213 1315 1333 1363 HY-

345 1383 716 1436 HOHAHCIC
732 1421 742 1431 .
769 1384 1041 1452 Circumcisto
1062 1421 1073 1431 .

418 1459 538 1507 XX.
579 1451 880 1504 Vicesimum
916 1455 1206 1521 quadratum
1226 1457 1333 1505 Pal-

344 1543 538 1576 marum
575 1521 936 1574 solemnitatem
973 1525 1169 1577 exhibet
1197 1564 1208 1574 .
1258 1527 1335 1577 Ibi

345 1594 564 1648 Christus
590 1592 717 1644 afino
740 1592 971 1653 insidens,
997 1617 1049 1646 ac
1075 1596 1227 1646 turbae
1254 1616 1338 1647 ve-

341 1666 568 1717 stimenta
585 1667 632 1713 in
651 1665 732 1714 via
752 1664 893 1714 strata
912 1681 1202 1728 cernuntur,
1222 1686 1337 1716 cum

344 1738 434 1787 hac
468 1753 626 1785 voce:
678 1738 731 1784 H
762 1737 1165 1789 PAIOcDOPOC
1202 1775 1212 1785 .
1255 1738 1337 1787 Fe-

344 1808 466 1857 stum
494 1806 770 1858 Palmarum.

418 1880 567 1928 XXI.
609 1880 667 1925 In
684 1873 916 1923 vicefimo
934 1877 1092 1937 primo
1115 1878 1338 1919 Matthaei

345 1948 479 1996 locus
493 1947 540 1988 in
563 1960 662 2008 cap.
686 1958 768 1999 27.
788 1956 918 1987 num.
941 1956 1022 2000 52.
1039 1941 1341 2008 explicatur,

346 2011 462 2061 ubi:
490 2014 545 2061 (9⁰
567 2010 959 2078 Petraeftffefitnt
974 2045 990 2066 ,
1018 2014 1075 2059 Θ·
1096 2018 1336 2062 monimen-

347 2100 396 2137 ta
413 2095 557 2149 aperta
565 2083 702 2150 sunt,
728 2082 784 2129 &⁹
804 2082 939 2128 multa
963 2095 1135 2147 corpora
1154 2085 1189 2133 S
1192 2083 1337 2132 αηέῖο-

349 2171 447 2204 rum
461 2187 478 2209 ,
514 2170 598 2219 quae
616 2151 880 2199 dormierant
895 2185 910 2206 ‚
927 2152 1221 2219 surrexerunt
1243 2158 1335 2204 &a

349 2223 412 2277 Id
441 2221 577 2289 plane
601 2221 787 2288 Figuris
817 2222 1108 2286 exprimitur
1132 2260 1148 2282 ,
1185 2221 1337 2275 cum-2

352 2290 568 2343 Christus
592 2292 641 2338 in
661 2288 826 2339 medio
844 2291 1127 2340 Sanctorum
1154 2297 1339 2362 promi-

354 2377 500 2420 neat,
538 2377 733 2410 crucem
771 2358 920 2408 altera
947 2380 1093 2411 manu
1128 2365 1342 2432 gestans,

354 2435 511 2482 veluti
549 2431 607 2480 de
641 2444 797 2480 morte
824 2432 1154 2501 triumphans3
1191 2436 1339 2485 alterz'i

354 2506 475 2553 vero
501 2500 622 2569 ipsos
647 2503 814 2549 mortis
833 2505 1050 2570 captivos
1070 2501 1231 2553 secum
1253 2507 1340 2555 du-

357 2592 496 2634 cens;
531 2572 581 2621 &
607 2569 873 2619 declaratur
897 2574 982 2619 hac
1000 2570 1338 2642 inscriptione:

358 2641 800 2692 ANACTACIC.
819 2657 920 2706 quae
932 2643 1175 2693 Revocatio
1194 2648 1253 2695 ad
1265 2653 1342 2697 vi-

358 2732 448 2764 tam
463 2749 477 2769 ‚
509 2725 730 2760 aeternam
747 2708 955 2770 scilicet,
985 2715 1341 2783 interpretanda

359 2783 427 2832 est
443 2819 452 2828 .
494 2785 566 2829 De
583 2783 667 2828 hac
684 2798 805 2830 voce
828 2782 965 2849 plura
984 2784 1213 2852 congeffit
1232 2806 1339 2836 eru-

359 2851 488 2901 dit-us
517 2854 594 2898 vir
621 2850 802 2918 Gaspar
828 2854 1046 2904 Svicerus
1070 2859 1206 2926 insito
1225 2858 1338 2908 The-

348 2926 478 2992 sizuro
496 2921 741 2988 Ecclcfiafc'.

434 2994 610 3042 XXII.
653 2994 907 3041 Contentis
938 2995 984 3040 in
1004 2996 1218 3063 praesenti
1242 3000 1339 3049 Ta-

362 3059 478 3110 bula
503 3061 625 3109 illud
657 3063 905 3120 innuitur,
933 3066 1061 3130 quod
1094 3070 1140 3116 in
1169 3088 1269 3137 cap.
1292 3090 1338 3118 2.

364 3133 478 3182 Αὲὶ.
496 3129 770 3198 Apostolor.
787 3147 1004 3182 narratur
1017 3173 1033 3194 ‚
1053 3136 1259 3188 scilicet:
1279 3142 1338 3192 Ec

365 3205 459 3250 ciam
475 3204 774 3267 complerentur
789 3204 883 3253 dies
898 3206 1128 3259 Pentecos'l
1131 3232 1171 3259 es
1182 3246 1197 3268 ,
1213 3231 1336 3262 erant

363 3290 504 3324 omnes
518 3277 688 3339 pariter
713 3279 763 3322 in
788 3276 928 3325 eodem
957 3280 1044 3330 loco
1060 3315 1077 3337 ‚
1111 3283 1166 3331 ἴθ’
1191 3280 1344 3349 fhfius

748 249 1171 315 VETERA
1245 250 1944 310 M‘ONIMENTA

1376 329 1445 377 essi
1471 335 1638 393 repente
1655 328 1706 376 de
1722 331 1832 382 Coelo
1845 331 1979 398 fimus
1996 362 2012 383 ,
2050 330 2256 398 tanquam'
2272 327 2358 378 ced-'⁷

1377 402 1602 447 venientis
1612 400 1810 466 Spiritus
1828 403 2128 458 vehementis,
2150 402 2361 465 &reple-
2421 400 2424 418 '

1378 472 1456 516 ‘vit
1487 485 1620 517 totam
1652 471 1849 527 domum,
1884 470 1960 520 ubi
1987 487 2111 519 erant
2126 471 2329 539 sedentes
2347 504 2364 516 .
2424 487 2425 491 ’

1380 538 1438 585 Id
1468 537 1663 587 Titulus
1683 541 1780 607 ipse
1802 540 2014 589 declarat
2033 577 2048 597 ,
2082 541 2277 609 nempe:
2307 540 2364 588 H

1381 608 1853 659 HENTIKOCTH
1867 645 1878 656 .
1911 613 2164 662 Pentecoste
2181 648 2191 657 .

1453 682 1654 734 XXIII.
1678 677 1906 748 Designat
1928 681 2022 729 haec
2041 681 2233 729 Tabula
2252 682 2365 728 San-

1381 749 1516 798 &um
1535 750 1940 799 Bartholomaeuin
1959 750 2143 809 catena,
2158 750 2239 800 seu
2257 752 2366 798 vin·-

1382 819 1492 868 culo
1508 819 1843 869 constri&um.
1875 820 2073 870 Titulus
2106 819 2169 869 fic
2203 819 2249 870 se
2283 820 2368 867 ha·

1386 891 1555 940 bet:O
1592 890 1814 941 AFIOC
1848 891 2371 941 BAPGOAOMEOC

1383 960 1827 1010 KPEMACOEEIC
1876 962 1992 1011 EHI
2043 961 2372 1011 CTAYPOY

1384 1031 1828 1081 TEAEIOYTAI.
1846 1032 1895 1079 S.
1914 1033 2245 1084 Bartholomaeus
2267 1044 2375 1097 pen·

1387 1103 1492 1152 dens
1519 1106 1567 1149 in
1587 1104 1719 1152 Cruce
1742 1106 1951 1151 moritur.

1438 1175 1639 1223 XXIV.
1666 1175 1776 1222 Hac
1795 1174 1968 1238 Figura
1993 1176 2037 1220 S.
2057 1174 2224 1222 Petrus
2239 1175 2373 1239 Apo«

1388 1242 1534 1292 stolus
1549 1241 1940 1312 repraesentatur,
1971 1257 2026 1291 ut
2041 1262 2100 1294 ex
2118 1243 2298 1292 literis:
2327 1243 2378 1292 O

1389 1314 1613 1364 AI'IOC
1653 1314 1925 1363 HETPOC
1944 1349 1955 1360 .
1993 1315 2042 1364 S.
2068 1316 2224 1365 Petrus
2242 1349 2252 1359 .

1460 1389 1633 1436 XXV.
1658 1385 1865 1434 Loculus
1882 1381 1964 1432 iste
1982 1382 2262 1440 transitum,
2276 1377 2377 1428 five

1389 1453 1549 1523 potius
1577 1456 1987 1518 humationemrS.
2002 1457 2204 1523 Joannis
2224 1455 2379 1499 Evan-

1388 1524 1562 1595 gelistae
1579 1523 1919 1584 ostendit,cum
1935 1526 2224 1593 Sarcophagi
2241 1538 2381 1589 oper-

1389 1599 1556 1645 culum
1575 1599 1621 1643 in
1642 1600 1925 1665 pavimento
1948 1609 2174 1663 appareat
2193 1629 2208 1650 ‚
2235 1606 2288 1639 ut
2306 1594 2377 1638 in-

1393 1667 1522 1716 dicat
1543 1668 1614 1714 lit.
1634 1672 1696 1716 A.
1727 1664 2103 1734 Superimpofita
2129 1662 2378 1730 inscriptio

1392 1735 1456 1785 fic
1493 1734 1540 1784 se
1578 1735 1722 1785 habet
1754 1773 1764 1783 .
1811 1740 1863 1787 H
1901 1734 2379 1785 METACTACIC

1394 1807 1539 1857 TOY
1582 1805 1804 1858 AFlOY
1847 1804 1923 1856 ΙΩ
1956 1807 2101 1856 ΤΟΥ
2132 1803 2383 1855 ΘΕΟΛΟ-

1397 1876 1539 1921 TOY
1553 1907 1564 1917 .
1596 1877 1845 1925 Translatio
1864 1878 1913 1924 S.
1933 1877 2139 1942 ‘Joannis
2156 1875 2378 1944 Theologi.

1467 1945 1667 1992 XXVI.
1706 1946 1824 1992 Haec
1854 1949 2023 2012 Imago
2051 1949 2095 1994 S.
2126 1946 2378 1993 Bartholo-

1393 2028 1568 2060 maeum
1604 2012 1895 2079 Apostolum
1929 2013 2144 2080 defignat
2173 2050 2190 2071 ‚
2238 2013 2382 2064 habet

1391 2084 1522 2131 enim
1548 2081 1772 2131 adlatera
1800 2082 2121 2149 epigraphen:
2150 2087 2198 2133 O
2228 2084 2376 2134 ΑΓΙ-

1392 2156 1486 2203 OC
1527 2154 2074 2217 BAPTOAOMEOC.
2105 2154 2154 2205 S.
2186 2157 2377 2207 Bartho-

1392 2225 1584 2273 lomaeus.

1466 2298 1694 2345 XXVII.
1734 2299 1789 2344 In
1811 2296 1895 2343 hac
1917 2292 2104 2343 Tabula
2125 2296 2380 2346 exhibetur

1392 2368 1687 2434 martyrium
1715 2367 1758 2412 S.
1783 2365 1985 2414 Thomae
2011 2364 2230 2433 Apostoli
2249 2403 2265 2424 ,
2295 2369 2377 2433 qui

1393 2435 1556 2485 lancea
1581 2432 1878 2504 perfoditur.
1910 2433 2167 2503 Inscriptio
2200 2435 2290 2484 est.
2329 2440 2379 2487 O

1392 2507 1616 2557 AFIOC
1687 2503 1942 2555 OQMAC
2002 2507 2176 2557 ΛΟΧΙ
2231 2506 2378 2557 ΥΠΟ

1394 2578 1628 2628 ΗΝΔΙΑ
1669 2576 2071 2626 TEAHOYTE.
2109 2578 2157 2627 S.
2193 2576 2379 2627 Thomas

1396 2653 1542 2700 lanced
1560 2652 1607 2695 in
1626 2645 1760 2696 India
1778 2652 1959 2697 moritur
1979 2684 1988 2694 .

1467 2722 1723 2769 XXVIII.
1763 2723 1935 2767 Forma
1955 2717 2182 2784 martyrii
2213 2717 2374 2766 Sancti

1393 2790 1600 2857 Philippi
1629 2787 1851 2856 Apostoli
1878 2786 1953 2835 hic
1983 2785 2271 2837 describitur
2290 2823 2299 2833 .
2326 2791 2377 2838 O

1395 2861 1618 2911 AFIOC
1639 2858 2037 2912 chAHHHOC
2071 2858 2377 2905 KATAKE-

1395 2931 1635 2986 <1>AAHC
1651 2929 2080 2980 CTAYPOOHC
2100 2929 2373 2978 TEAIOY·

1394 3003 1480 3051 TE
1500 3036 1510 3047 ·
1549 3001 1584 3050 S
1589 3037 1597 3046 -
1628 3002 1861 3067 Philippus
1892 3001 2079 3069 adverse
2113 3005 2250 3068 capite
2279 3018 2374 3047 cru-

1393 3077 1551 3142 cifixus
1570 3078 1751 3121 moritur
1768 3107 1777 3118 .

1463 3145 1664 3194 XXIX.
1694 3141 1916 3212 S.Jacobi
1935 3154 2258 3209 cognomento
2279 3140 2378 3187 Mi-

1388 3215 1514 3262 noris
1548 3214 1707 3281 imago
1736 3251 1752 3272 ‚
1791 3231 1900 3262 nam
1939 3212 1998 3260 de
2029 3214 2210 3275 Majori
2249 3209 2378 3258 dice-

1396 3297 1474 3332 tur
1508 3281 1629 3333 infra
1660 3282 1743 3332 sub
1781 3302 1910 3333 num.
1939 3290 2021 3346 46.
2059 3282 2257 3330 Titulus
2286 3276 2375 3326 est:

2086 3352 2371 3405 OAFIOC
