2425 3747
498 263 593 308 240

416 318 507 382 pest
521 316 673 366 Albam
692 353 704 374 ,
734 312 800 366 Θ
825 314 1049 380 cingulum
1064 315 1229 379 affumit
1245 314 1374 362 Orale

421 384 578 454 (quod
596 387 722 434 idem
744 386 805 431 est
833 404 883 433 ae
905 381 1101 449 Fanon)
1125 387 1372 451 quodcirca

421 472 550 522 caput
565 454 758 503 involvit
774 492 788 512 ,
816 452 887 505 &t
897 456 1073 519 replicat
1074 457 1212 520 super
1225 454 1374 503 hume-

420 546 489 575 ros
502 567 514 586 ‚
545 525 694 589 legalis
710 523 937 585 Pontfiris
967 525 1345 591 ordinemfiquens
1360 562 1374 584 ‚

420 601 499 663 qui
514 598 600 659 post
618 593 979 661 lineamstristam
995 634 1008 656 ,
1026 593 1091 645 &¹
1110 595 1278 645 Zonczzn
1306 601 1375 643 in-

418 666 618 714 ‹luebatur
648 663 800 730 Ephori
815 701 825 713 .

487 738 654 786 Praeter
682 735 917 784 Fanonem
945 774 959 796 ,
1002 750 1214 802 tegumen
1247 732 1375 780 aliud

416 803 675 855 rotundum
696 807 742 852 in
762 810 913 870 capite
936 806 1371 856 animadvertimus.

416 877 514 924 Diu
536 873 724 940 quaesivi
739 891 794 922 an
817 891 1089 925 camaurum
1106 915 1119 936 ,
1136 876 1208 924 vel
1227 891 1377 922 came-

417 947 492 1001 lau
502 948 626 994 cium
644 942 734 992 dici
750 944 920 1007 posset:
941 945 1296 995 authoritatibus
1311 956 1376 991 ta-

416 1035 524 1065 men
553 1013 695 1061 allatis
728 1015 784 1061 ab
812 1016 999 1064 eruditis
1018 1019 1140 1065 Viris
1174 1016 1340 1065 Macro
1359 1050 1373 1073 ,

417 1087 464 1135 ἃ
484 1086 562 1132 Du
580 1084 738 1150 Cange
759 1088 803 1132 in
826 1083 910 1134 suis
928 1087 1099 1134 Lexieis
1118 1124 1130 1145 ,
1163 1101 1268 1151 quae
1300 1081 1374 1130 di-

416 1157 610 1222 ligenter
633 1154 854 1220 perpendi
875 1191 888 1214 ,
910 1155 1126 1204 birretum
1155 1153 1276 1222 posse
1292 1151 1375 1202 de-

416 1228 648 1276 nominari
687 1238 883 1272 autumo
917 1264 930 1284 ‚
982 1227 1106 1291 quod
1151 1240 1374 1292 tegumen

418 1298 579 1361 capitis
603 1291 883 1343 Pontificum
903 1313 1020 1347 erat:
1056 1296 1223 1364 legitur
1250 1296 1373 1343 enim

417 1371 466 1414 in
482 1368 593 1413 Vita
616 1367 652 1411 S.
671 1364 858 1412 Henrici
875 1366 1083 1432 Episcopi
1103 1363 1373 1429 Upsallenfis

418 1431 547 1485 num.
568 1454 608 1496 5.
648 1431 773 1495 Qod
794 1433 947 1484 tollens
973 1439 1018 1485 cle
1043 1441 1182 1501 capite
1196 1438 1239 1484 S.
1258 1435 1374 1480 Pon-

416 1504 550 1568 eg‘ficis
569 1503 776 1552 birretum
793 1542 806 1562 ‚
835 1508 946 1573 quod
966 1509 1121 1571 gestare
1144 1505 1373 1566 consite-ve-

416 1573 706 1638 rat-‚impostait
717 1576 960 1640 capitisuo,
983 1581 1145 1625 Extant
1161 1580 1294 1623 eriam
1315 1572 1372 1619 se.

418 1649 610 1711 quentia
628 1645 760 1692 verba
779 1651 824 1693 in
855 1646 984 1693 Bulla
1006 1646 1227 1695 Bonifaeii
1247 1645 1368 1689 VIII.

415 1712 655 1781 Illudque(
684 1713 794 1761 idest
827 1715 1105 1764 beneficium
1144 1713 1367 1763 Ecclesia·

413 1787 578 1835 sticum
594 1784 618 1843 )
635 1785 762 1832 eidem
779 1780 953 1834 Thomae
971 1785 1229 1835 contulimus
1242 1824 1254 1845 ‚
1272 1800 1370 1832 nec-

414 1875 501 1906 non
528 1858 574 1904 de
603 1854 685 1921 ljoso
705 1869 781 1920 per
808 1858 992 1921 nostrum
1019 1854 1221 1910 birretum
1257 1869 1368 1920 pra-

400 1929 653 1990 fintialiter
696 1927 1005 1992 investivimus
1034 1960 1045 1971 .
1095 1928 1200 1977 Alia
1242 1921 1365 1989 apud

418 1995 619 2046 eundem
643 1997 719 2043 Du
737 1998 893 2063 Cange
913 2001 957 2046 in
977 1995 1061 2045 hac
1081 2015 1194 2045 voce
1217 1994 1364 2046 videri

420 2066 602 2134 possunt
620 2103 630 2113 .
669 2068 880 2130 Superest¹
914 2082 964 2116 ut
1012 2066 1187 2124 aliquid
1231 2068 1364 2114 etiam

422 2136 477 2184 de
492 2135 646 2183 Globo
668 2140 889 2202 attingam
910 2175 924 2197 ,
945 2154 1086 2203 quem
1103 2135 1278 2184 dextera
1299 2152 1365 2182 te-

415 2221 521 2254 net:
542 2205 574 2252 fi
601 2206 769 2255 liceata
786 2207 919 2255 firnili
936 2224 1114 2273 arguere
1136 2205 1366 2269 judicave-

415 2280 531 2332 rim,
570 2273 706 2343 longe
735 2275 907 2322 diverso
940 2273 1126 2323 consilio
1157 2275 1360 2337 Impera-

416 2361 567 2393 torum
592 2382 605 2403 ‚
642 2361 694 2391 ac
723 2344 1005 2393 Pontificum
1038 2344 1358 2394 Romanorum

415 2413 626 2463 leonibus
646 2410 864 2480 (qualem
881 2414 997 2462 hane
1014 2414 1095 2461 effe
1111 2408 1358 2477 contendo)

420 2484 628 2532 Globum
669 2488 855 2549 appingi
884 2483 1002 2550 poffe
1031 2501 1043 2533 z
1093 2484 1201 2533 ficut
1235 2486 1359 2531 enim

414 2558 461 2603 in
501 2552 588 2601 illis
627 2552 803 2602 Globus
854 2553 1085 2619 appositus
1125 2552 1355 2602 indicabat

414 2639 628 2672 terrarum
642 2624 814 2673 Orbem
833 2627 877 2674 in
895 2641 948 2670 eo
963 2637 1165 2688 tempore
1179 2638 1356 2683 notum,

414 2694 494 2740 sub
515 2693 687 2742 ditione
704 2696 919 2758 Principis
936 2694 1235 2742 constitutum
1253 2732 1266 2752 ‚
1293 2697 1356 2741 ita

413 2761 541 2810 facile
559 2763 761 2822 arbitror,
777 2764 1011 2829 designare
1024 2761 1144 2828 posse
1160 2763 1356 2812 eandem

412 2837 460 2879 in
486 2833 707 2881 universas
735 2834 894 2882 Terras
920 2833 1194 2898 potestatem
1215 2834 1354 2882 Rom.

409 2901 621 2950 Pontifici
639 2918 859 2968 tanquam
876 2903 1042 2952 Christi
1061 2907 1245 2953 Vicario
1260 2904 1356 2953 col·-

409 2971 578 3019 latam.
621 2973 748 3036 Saepe
780 2973 987 3022 laudatus
1016 2974 1093 3021 Du
1112 2977 1272 3039 Cange
1305 2977 1352 3023 in

409 3040 501 3089 fine
522 3038 586 3088 sui
603 3040 772 3107 Magni
788 3042 987 3090 Gloffarii
1006 3044 1228 3092 eruditam
1245 3044 1350 3092 Dis-

411 3108 695 3159 strtationern
728 3112 876 3160 inierit
921 3111 977 3160 de
1014 3113 1233 3160 inferioris
1262 3118 1348 3162 aevi

408 3177 775 3239 Numismatibus‚
792 3185 837 3229 in
855 3199 943 3248 qua
962 3199 1091 3231 num.
1117 3201 1130 3228 1
1147 3183 1187 3230 8.
1201 3182 1244 3230 &
1274 3200 1346 3244 19.

839 241 1259 295 VETERA
1332 219 2027 298 MONJMENTA

1428 318 1625 365 &ionem
1656 354 1668 375 ‚
1709 319 1866 380 quide
1901 321 2186 386 crucigeratis
2213 321 2371 371 Globis

1427 386 1601 455 aliquid
1621 402 1904 438 enarrarunt.
1940 389 2050 437 Inde
2083 388 2272 440 fortaffis
2299 410 2372 440 ex-

1427 455 1541 503 trahi
1570 456 1810 520 potuiffent
1844 459 2062 508 nonnulla
2091 460 2147 508 ad
2177 477 2272 509 rem
2288 480 2372 510 no-

1428 525 1562 574 stram
1603 526 1910 576 illustrandam
1940 567 1953 589 ‚
1977 531 2060 580 nifi
2090 533 2113 579 a
2140 533 2274 596 scopo
2301 535 2370 579 ni·

1428 597 1575 645 mium
1592 594 1755 645 abduci
1787 602 1989 650 timerem
2026 601 2058 648 fi
2093 598 2191 649 haec
2223 600 2372 666 prose-

1428 684 1589 732 querer
1605 705 1618 726 ‚
1643 664 1700 714 de
1719 668 1886 733 quibus
1913 673 2010 718 Viri
2026 669 2371 734 praestantiffimi

1427 741 1621 802 integras
1639 736 1963 787 dissertationes
1999 740 2239 789 instituunt
2256 777 2266 789 .
2303 741 2372 787 Ex

1431 805 1661 872 hueusque
1677 808 1905 873 perpensis
1930 826 2023 857 non
2040 812 2205 857 temere
2222 809 2372 858 distu-

1431 894 1533 924 rum
1551 895 1625 926 me
1646 878 1840 927 ‘arbitror
1854 916 1866 937 ‚
1895 877 1927 925 fi
1948 877 2217 927 contendam
2232 916 2245 937 ‚
2269 878 2371 927 Ico-

1430 963 1540 995 nem
1584 944 1701 996 hane
1754 965 1915 997 aeream
1962 948 2119 996 referre
2159 947 2368 996 Coelesti-

1425 1033 1542 1065 num
1569 1015 1655 1065 III.
1681 1023 1805 1079 cujus
1842 1017 2022 1066 fortasse
2041 1015 2152 1079 juffu
2172 1017 2368 1066 Cencius

1426 1088 1715 1135 Camerarius
1745 1087 1896 1136 valvas
1924 1086 2193 1137 construxit.

1497 1158 1583 1205 Sed
1603 1162 1735 1206 nimis
1751 1195 1764 1216 ‚
1791 1159 1929 1222 quam
1952 1175 2030 1222 par
2048 1156 2190 1206 fuerat
2207 1194 2220 1215 ,
2241 1156 2371 1205 haefi-

1425 1242 1524 1274 mus
1570 1232 1617 1276 in
1656 1227 1812 1276 limine
1840 1266 1854 1285 ‚
1894 1227 2006 1275 adeo
2035 1241 2082 1274 ut
2118 1226 2369 1292 expeditius

1427 1296 1574 1343 aedem
1605 1311 1749 1344 totam
1768 1296 2007 1363 inspecturi
2038 1297 2178 1346 fimus
2195 1334 2208 1356 ,
2226 1300 2366 1363 quam

1424 1367 1578 1414 valvas
1600 1404 1610 1415 .
1653 1365 1707 1414 In
1736 1367 1909 1414 fornice
1934 1370 2056 1414 enim
2084 1366 2186 1414 licet
2217 1365 2371 1413 Musi-

1425 1452 1534 1483 vum
1567 1454 1681 1502 opus
1717 1436 1956 1486 affervetur
1977 1435 2177 1502 pluribus
2198 1435 2368 1483 saeculis

1424 1506 1669 1566 vetustius,
1697 1512 1837 1573 quam
1867 1506 2039 1570 valvae3
2073 1523 2179 1554 cum
2208 1519 2367 1553 tamen

1423 1576 1543 1623 nulla
1576 1575 1772 1624 humana
1790 1578 1936 1642 figura
1958 1581 2002 1624 in
2019 1594 2073 1623 eo
2093 1577 2337 1639 reperiatur
2351 1612 2366 1633 ,

1421 1643 1534 1694 nihil
1555 1645 1617 1692 est
1635 1683 1649 1706 ‚
1678 1646 1803 1710 quod
1828 1646 1966 1709 longa
1981 1642 2365 1692 animadversione

1423 1714 1622 1765 detinere
1638 1734 1718 1764 nos
1738 1714 1874 1781 poffit
1887 1751 1897 1761 .
1931 1715 2093 1761 Fornix
2113 1717 2262 1777 itaque
2278 1712 2364 1760 hu-

1418 1789 1487 1847 jus
1505 1790 1700 1834 Oratorii
1722 1789 1912 1848 antiquo
1928 1782 2227 1831 vermiculato
2252 1800 2362 1846 ope-

1418 1874 1463 1903 re
1479 1856 1730 1904 elaboratus
1745 1894 1758 1915 ‚
1776 1857 1903 1903 variis
1918 1853 2157 1920 segmentis
2173 1852 2362 1912 constat,

1414 1940 1554 1991 prout
1579 1926 1733 1974 vifitur
1775 1929 1819 1974 in
1851 1924 2032 1972 Tabula
2058 1923 2282 1973 LXXIV.
2313 1927 2362 1971 in

1415 1997 1584 2061 quibus
1616 1994 1774 2043 diversi
1821 1998 1994 2063 generis
2021 2010 2123 2042 aves
2148 2029 2162 2051 ‚
2208 1992 2360 2042 flores-

1417 2084 1505 2130 que
1530 2066 1810 2132 interpofiti,
1842 2084 1937 2115 non
1989 2066 2258 2114 inconcinna
2288 2061 2358 2111 di-

1417 2134 1656 2201 spofitione
1683 2136 1905 2184 locantur.
1935 2138 1984 2183 In
2014 2133 2276 2182 meditullio
2307 2132 2360 2180 si-

1418 2220 1489 2253 tus
1524 2203 1586 2251 est
1608 2208 1768 2272 Agnus
1789 2204 2044 2254 diademate
2067 2218 2246 2252 ornatus
2262 2239 2275 2261 ,
2314 2201 2358 2248 δί

1418 2275 1561 2324 laurea
1592 2276 1754 2324 corona
1775 2275 2073 2324 circumdatus
2088 2291 2103 2320 .’
2138 2274 2360 2340 Superva-

1411 2363 1550 2394 cuum
1585 2345 1689 2394 effet
1718 2344 1853 2408 hujus
1881 2342 2230 2410 Hieroglyphici
2261 2340 2359 2389 sen-

1412 2414 1511 2463 sum
1532 2420 1755 2481 inquirere
1769 2429 1786 2463 .·
1815 2418 1913 2480 quis
1935 2418 2060 2462 enirn
2080 2412 2259 2470 nesciat,
2279 2428 2357 2474 per

1415 2487 1604 2550 Agrium
1626 2486 1762 2532 istum
1779 2522 1791 2543 ,
1821 2482 2227 2550 quemadmodum
2246 2480 2355 2529 olim

1408 2573 1486 2620 per
1523 2559 1735 2621 typicum
1763 2554 1874 2622 legis
1911 2593 1924 2614 ‚
1955 2554 2085 2602 illum
2103 2552 2354 2617 designari,

1406 2628 1485 2690 qui
1497 2623 1613 2673 tollit
1638 2638 1811 2689 peccata
1846 2625 1993 2673 mundi
2016 2662 2025 2672 .
2065 2627 2174 2686 Qis
2199 2619 2271 2667 vel
2292 2617 2355 2665 le-

1410 2698 1524 2742 viter
1551 2699 1598 2743 in
1629 2697 1756 2742 Sacra
1785 2693 1975 2742 historia
2010 2693 2200 2741 verstrtus
2221 2692 2353 2756 igno-

1408 2779 1501 2821 ret,
1535 2761 1811 2813 Christianos
1844 2769 2056 2830 antiquos
2086 2755 2350 2820 hujusmodi

1386 2860 1388 2863 ·
1406 2832 1756 2884 emblematibus
1769 2838 1943 2900 potiora
1974 2829 2079 2881 fidei
2096 2835 2352 2880 Sacramen-

1406 2920 1450 2953 ta
1475 2904 1530 2952 ab
1556 2904 1822 2954 Infidelibus
1852 2902 2100 2952 irrisoribus
2130 2894 2349 2950 vindicas-

1404 2974 1444 3023 st
1467 2977 1489 3023 ἓ
1527 2978 1652 3024 Cum
1683 2977 1804 3022 enim
1842 2988 1937 3021 tum
1958 2968 2343 3023 Cathecumenis‚

1403 3060 1501 3094 tum
1522 3042 1762 3110 Neophitis
1784 3081 1797 3102 ‚
1828 3041 2032 3091 Christus
2058 3041 2175 3090 cruci
2190 3035 2345 3084 affixus

1401 3127 1751 3180 proponeretur,
1790 3113 2038 3177 perieulum
2063 3122 2153 3158 erat
2183 3124 2240 3153 ne
2269 3123 2347 3152 oc-

1400 3188 1640 3247 cupatione
1671 3185 1821 3231 minus
1848 3183 2009 3232 decora
2035 3176 2344 3247 (supplicium

410 3249 697 3305 luculentam
739 3256 898 3302 intexit
926 3252 1176 3303 Austorum
1205 3252 1346 3306 colle·
1396 3256 1520 3305 enim
1546 3253 1670 3303 Crux
1692 3254 1928 3320 ingerebat
1954 3254 2098 3320 pravis
2133 3247 2333 3298 homini-

2187 3316 2270 3363 bus
