2425 3747
735 220 1241 281 CAPUT
1348 218 1476 285 ναι,

102 300 240 346 unius
253 298 313 346 ad
332 296 533 351 bellum,
548 291 742 341 alterius
757 290 817 341 ad
831 293 924 340 iter
939 310 1076 361 agen-

101 368 244 418 dum:
265 381 503 433 utrunque
524 361 652 412 vero-
665 375 764 410 tam
782 364 1041 431 campestre
1056 400 1072 421 ,

98 442 249 507 quam.
280 437 515 491 urbanum
553 437 579 483 a
614 434 848 486 Romanis
884 435 1072 483 etiam-2

99 507 407 578 usurpatum„
428 504 574 555 Porro
597 503 776 559 urbana
791 498 953 552 Effeda
974 506 1073 554 cul-

97 575 296 632 tafuiffe
319 592 461 646 atque
479 588 644 625 ornata
661 612 679 634 ,
715 574 858 624 docet
882 575 1071 644 probat-

97 670 188 720 que
212 648 345 701 idem
374 643 638 699 Schefferus
658 647 765 695 loco
796 648 942 695 citato
970 669 986 709 ;
1020 665 1080 704 acv

95 721 352 793 propterea·
376 717 437 767 de
456 719 608 767 nimio
638 713 823 767 fortaffe
846 718 972 767 illius
1000 734 1077 766 or-

95 805 250 850 natu,
277 810 332 843 ac
354 789 474 839 luxu
502 790 676 842 Cicero
705 791 779 837 M.
799 791 1076 838 Antonium

93 861 367 930 redarguit3
393 860 476 909 vel
492 860 603 928 quia
621 873 725 908 tam·
739 858 918 910 celebri
937 877 1075 929 pom-

92 931 154 1003 pa
184 934 397 981 Mimam
428 929 755 999 Cytheridem
792 931 954 981 secum
988 929 1077 986 du-

92 1003 264 1055 cebat.

161 1070 383 1127 Ulterius
411 1068 637 1122 Essedum
665 1070 760 1123 effe
783 1073 991 1136 conjicio
1018 1089 1079 1121 ex

90 1163 183 1203 eo,
220 1143 353 1212 quod
387 1146 461 1192 M.
495 1144 740 1192 Antonius
772 1157 873 1192 tam
890 1145 939 1198 in
959 1145 1079 1200 Gal·

91 1217 200 1272 liis,
237 1217 381 1280 quam
415 1214 463 1261 in
493 1216 700 1265 Oriente
727 1212 943 1263 versatus
968 1250 984 1271 ,
1022 1212 1081 1261 ab

89 1284 264 1335 iisdem
301 1283 576 1332 nationibus
604 1284 847 1347 quandam
877 1283 1080 1341 vivendi

89 1372 314 1406 normam
329 1390 352 1412 ‚
367 1356 421 1404 ὃ(
437 1353 637 1422 genium
665 1350 883 1402 hauserat
900 1388 911 1396 .
945 1358 997 1400 N
1001 1374 1078 1408 ag„

88 1429 119 1476 ὲ
150 1427 308 1475 Gallis
339 1418 563 1473 Effedum
596 1458 614 1480 ,
648 1419 708 1470 ab
745 1420 1079 1477 Orientalibus

88 1494 212 1545 forte
227 1495 388 1545 Mulas
404 1489 666 1561 desumpsit
678 1528 694 1549 ,
710 1509 811 1557 quae
831 1490 958 1559 apud
976 1489 1076 1540 eos-

90 1566 204 1615 dem
224 1565 272 1610 in
291 1566 447 1631 pretio
473 1563 770 1611 habebantur
785 1597 802 1619 ‚
840 1576 894 1609 ut
913 1559 1077 1611 scribit

93 1634 405 1703 Spanhemius
421 1628 597 1682 dissert.
617 1652 664 1693 7.
683 1633 756 1684 De
771 1634 846 1701 usit
862 1669 878 1692 ,
904 1637 1076 1702 &prae-

94 1709 265 1760 fc'antia
280 1703 454 1772 Numis
444 1721 602 1753 matum
618 1740 633 1761 ,
659 1703 904 1753 occasione
920 1707 1078 1752 Num-

92 1780 165 1824 mi
182 1775 463 1843 Agrippinae
481 1811 497 1832 ,
534 1775 582 1821 in
609 1792 706 1841 quo
733 1792 791 1822 ex
813 1792 906 1822 una
929 1772 1080 1824 facie-2

93 1847 374 1915 Agrippinae
393 1858 537 1909 caput
565 1842 858 1905 conspicitur
873 1880 890 1901 ‚
929 1862 990 1894 ex
1011 1846 1078 1892 al-

92 1931 193 1966 tera
210 1918 512 1982 Carpentum
528 1948 544 1969 ,
567 1924 621 1958 ut
635 1925 827 1976 expono
843 1909 891 1954 in
908 1907 1078 1958 eadem

93 1986 287 2036 Tabula
305 1987 404 2050 Fig.
422 1988 469 2031 8.
499 1979 632 2030 Illud
657 1993 821 2028 autem
847 1978 978 2031 idem
1011 1979 1077 2029 est

95 2074 209 2106 eum
226 2050 383 2103 nostro
412 2053 459 2101 in
475 2052 647 2119 Figura
673 2067 717 2096 2.
743 2043 956 2117 expresso
970 2087 987 2109 ,
1008 2052 1075 2108 *li-

95 2129 170 2177 cet
190 2124 328 2175 unic&
348 2118 536 2172 differat
557 2124 604 2169 in
622 2134 792 2169 ornatu
807 2155 824 2178 ,
843 2118 953 2169 cum
971 2119 1078 2169 sim-

95 2194 406 2268 pliciffimum
424 2191 548 2241 illud
570 2188 626 2239 fit
639 2226 656 2248 ,
686 2188 903 2245 nostrum.
918 2191 1079 2241 cultis-

96 2285 260 2324 mum,
283 2265 414 2331 quod
431 2263 625 2311 Tullius
641 2261 860 2315 Antonio
878 2261 1080 2327 objicie-

96 2340 179 2388 bat
194 2374 205 2385 .
229 2335 359 2387 Cum
379 2349 541 2384 tamen
558 2335 802 2383 Nummus
818 2331 894 2381 hic
905 2369 922 2391 ,
936 2353 1080 2401 quem

96 2406 243 2460 refert
274 2406 620 2476 Spanhemius,
658 2403 861 2455 detritus
899 2402 993 2463 fit,
1028 2406 1079 2456 δι

95 2476 309 2529 corrosus
323 2515 340 2536 ,
372 2479 422 2528 ὃς
442 2478 728 2545 Figuratum
748 2472 936 2527 tantum
957 2475 1075 2525 deli-

96 2552 337 2599 neationes
364 2559 623 2616 appareant
647 2568 661 2608 ;
700 2546 749 2595 id
779 2544 1074 2615 recognosci-

94 2638 175 2669 tur
196 2621 344 2669 etiam
369 2637 428 2668 ex
444 2618 704 2666 collatione
724 2617 931 2666 aliorum
954 2617 1075 2666 duon

96 2710 207 2739 rum
228 2688 596 2738 Numismatum
621 2686 834 2750 ejusdem
850 2690 1078 2757 Agrippi-

97 2782 167 2810 nae
189 2759 315 2828 apud
335 2759 578 2810 Oiselium
598 2795 613 2816 ,
652 2778 753 2826 quae
774 2755 848 2807 hic
867 2759 1006 2809 habes
1030 2761 1078 2807 in

97 2834 200 2901 Fig.
216 2839 266 2879 6.
300 2832 351 2881 ὃς
371 2850 415 2891 7.
435 2867 450 2888 ,
487 2849 597 2878 cum
627 2831 721 2879 alio
750 2826 892 2878 simili
913 2833 1075 2878 Num-

98 2921 181 2951 mo
217 2902 486 2950 Domitillae
514 2937 530 2958 ,
567 2904 614 2948 in
652 2899 867 2963 ejusdem
903 2900 1075 2952 Oiselii

101 2971 224 3022 Tab.
241 2978 326 3031 98.
358 2971 440 3019 ubi
462 2969 559 3019 duo
582 2971 823 3039 superiora
839 2974 1074 3042 Agrippi-

101 3062 169 3092 nae
206 3039 513 3091 Numismata
542 3043 750 3109 reperies
775 3079 786 3088 .
826 3047 892 3094 In.
916 3045 1073 3092 omni-

102 3111 185 3161 bus
211 3113 280 3162 his
299 3111 521 3162 visuntur
538 3115 777 3180 Carpenta
800 3131 912 3161 cum
936 3133 1073 3163 orna-

99 3186 269 3231 mentis
294 3181 493 3235 diversis
520 3197 683 3232 tamen
708 3185 734 3231 a
754 3184 948 3243 nostris,
977 3203 1079 3252 quae

98 3248 365 3303 differentia
389 3256 597 3304 nominis
625 3252 954 3306 diversitatem
974 3254 1077 3308 effi-

1129 310 1233 342 cere
1272 294 1433 361 potuit
1452 313 1468 342 ε-
1501 291 1682 360 quippe
1706 309 1794 361 ego
1836 296 1959 344 inter
1989 248 2119 348 (33ςὶ

1131 378 1329 432 pentum
1344 400 1360 422 ,
1379 365 1430 414 δε
1446 360 1670 413 Effedum
1691 366 1875 414 nullam
1887 401 1905 424 ,
1927 380 2010 414 aut
2028 367 2114 418 sal-

1129 448 1228 484 tem
1251 436 1508 483 minimam
1528 431 1851 484 differentiam
1869 433 2004 486 fuisse
2026 438 2116 487 du-

1127 522 1183 553 co
1211 541 1226 562 ,
1264 503 1374 552 cum
1402 504 1553 554 ambo,
1574 503 1757 555 duabus
1787 509 1903 555 rotis
1931 508 2117 557 consta-

1127 588 1259 631 rent,
1281 576 1544 625 &illorum
1567 573 1907 645 descriptiones
1933 577 1992 626 ab
2010 582 2118 630 Au-

1127 642 1341 696 &toribus
1377 647 1529 694 allatae
1564 649 1755 714 utrique
1795 651 2117 698 conveniant.

1129 715 1374 773 Addimus
1396 718 1622 785 praeterea
1642 721 1872 786 Carpenti
1900 738 2120 776 nomen..-

1130 806 1227 838 non
1256 785 1413 856 ipsum
1447 788 1729 836 vehiculum
1749 824 1766 846 ,
1805 789 1887 839 sed
1917 792 2122 840 vehicu-

1132 861 1169 908 li
1191 874 1378 928 partem
1412 854 1533 918 effe3
1564 858 1711 925 idque
1739 858 2029 910 deducimus
2062 879 2124 911 ex

1133 931 1247 999 Leg.
1272 946 1351 989 30·
1386 930 1440 980 de
1457 930 1578 999 cmfit
1586 929 1691 995 pub.
1729 930 1778 977 in
1808 931 1933 981 Cod.
1955 931 2122 981 Theo-

1131 1001 1232 1051 dos.
1262 1001 1344 1049 ubi
1375 999 1616 1058 sancitur,
1651 1002 1837 1050 nemini
1869 1003 2014 1053 licere
2034 1004 2124 1051 in„
2195 1052 2203 1062 x

1133 1074 1387 1139 Carpentis
1426 1070 1686 1120 rhedarum
1727 1070 2001 1122 mensuram
2035 1091 2117 1123 ex-

1132 1142 1303 1192 cedere
1333 1141 1468 1189 mille
1503 1141 1690 1207 pondo:
1729 1144 1872 1206 quar&
1903 1147 2119 1210 Carpen-

1132 1227 1241 1261 tum
1261 1211 1502 1261 credimus
1522 1227 1719 1257 currum
1735 1244 1752 1266 ,
1791 1212 1868 1258 cui
1888 1209 2121 1280 superim-

1133 1281 1283 1354 posita
1309 1296 1410 1332 erat
1429 1280 1586 1337 ledeS,
1615 1277 1713 1329 five
1734 1278 1882 1329 rheda
1897 1315 1914 1337 ,
1943 1284 2016 1330 uti
2032 1283 2119 1331 ho-

1131 1355 1210 1409 die
1225 1352 1544 1419 conspicimus
1560 1367 1725 1400 currus
1740 1349 2009 1399 nostrarum
2025 1353 2127 1401 rhe-

1132 1421 1304 1473 darum
1329 1457 1346 1479 ,
1385 1439 1486 1489 quae
1526 1422 1659 1469 varia
1695 1422 1898 1469 nomina
1943 1421 2126 1471 sortitae

1130 1489 1238 1539 sunt
1254 1528 1272 1550 ,
1311 1492 1389 1540 vel
1416 1494 1442 1541 ἓι
1460 1492 1795 1561 magnitudine
1810 1528 1828 1551 ,
1862 1495 1942 1542 vel
1975 1496 2002 1543 ὲ
2020 1490 2116 1541 for-

1130 1581 1208 1610 ma
1235 1599 1252 1621 ,
1289 1562 1400 1611 cum
1431 1564 1604 1612 Italico
1640 1563 1880 1614 idiomate
1916 1564 2132 1621 Cocchio,

1129 1635 1412 1701 Carrozzafit
1428 1635 1469 1682 le
1485 1638 1658 1704 effigie,
1701 1638 1924 1695 Carrozza
1944 1637 2078 1700 sopra
2108 1637 2127 1683 i

1118 1702 1241 1772 fi’rri
1254 1738 1270 1759 ‚
1305 1704 1573 1757 Carrozzino
1590 1735 1606 1755 ,
1642 1703 1856 1750 Poltrona
1870 1738 1887 1759 ,
1925 1705 2131 1753 Poltr0n÷

1130 1779 1256 1830 cina,
1270 1772 1483 1840 Scufiglia
1497 1804 1514 1826 ,
1535 1768 1742 1827 Manza,
1765 1769 1963 1838 aliisque
1981 1771 2032 1820 id
2046 1790 2134 1840 ge<

1129 1862 1218 1892 nus
1245 1840 1448 1890 vocibus
1483 1839 1808 1906 indigitentur
1834 1877 1850 1899 ,
1893 1838 1989 1890 fine
2021 1844 2127 1892 ullo

1130 1906 1376 1977 respeOEtu,
1412 1906 1470 1955 ab
1501 1907 1728 1973 equisne,
1760 1928 1817 1956 an
1848 1913 1874 1958 a
1905 1911 2129 1962 mulabus

1130 1980 1394 2029 trahantur.
1414 1978 1556 2027 Idem
1574 1992 1693 2046 puto
1713 1977 1772 2027 de
1790 1975 1986 2039 Effedis,
2006 1984 2129 2031 Car-

1131 2050 1315 2121 pentis,
1354 2046 1647 2116 reliquisque
1679 2046 1983 2109 istiusmodi,
2024 2069 2128 2118 quae

1131 2121 1421 2186 caeteroquin
1443 2118 1616 2167 similia
1628 2156 1645 2178 ,
1662 2135 1833 2170 ornatu
1852 2121 2130 2181 dumtaxat,'

1132 2193 1212 2243 vel
1232 2189 1492 2260 perexigua
1517 2187 1586 2237 sui
1608 2204 1742 2259 parte
1761 2188 2050 2241 differebant
2067 2229 2080 2240 .

1237 2261 1406 2311 Tertia
1445 2263 1619 2329 Figura
1667 2258 1882 2323 ejusdem
1922 2260 2126 2312 Tabulae

1135 2329 1400 2383 Consulem
1419 2329 1563 2380 habet
1579 2333 1758 2381 milites
1774 2333 2124 2399 alloquentem,

1131 2421 1337 2472 quorum
1355 2420 1474 2450 unus
1496 2402 1655 2452 eidem
1675 2402 1943 2451 humanum
1962 2417 2123 2472 caput,

1129 2472 1284 2523 hastili
1304 2471 1491 2522 summo
1508 2471 1715 2521 infixum
1729 2509 1746 2531 ‚
1767 2473 1965 2524 exhibet
1981 2511 1992 2521 .
2018 2475 2124 2527 Un-

1131 2545 1192 2596 de
1217 2563 1314 2595 non
1335 2542 1472 2592 fallar
1489 2543 1672 2608 judicio
1695 2563 1806 2594 meo
1822 2582 1838 2603 ,
1868 2543 1903 2592 si
1930 2542 2120 2594 Consu-

1132 2618 1230 2666 lem
1250 2617 1387 2664 illum
1400 2652 1416 2673 ,
1433 2616 1712 2663 Antonium
1734 2612 1820 2664 effe
1842 2613 2123 2675 affeverem3

1132 2701 1277 2755 caput
1303 2686 1422 2735 vero
1450 2684 1590 2754 super
1619 2684 1797 2733 hastam
1816 2722 1832 2743 ,
1870 2687 2124 2735 Ciceronis

1129 2756 1254 2810 effe:
1294 2760 1424 2806 Nam
1454 2758 1502 2804 in
1534 2757 1766 2806 Comitiis
1793 2760 1868 2805 Μ.
1900 2757 2122 2805 Antonio

1131 2831 1413 2879 concionem
1440 2840 1606 2876 contra
1630 2828 1860 2875 Tullium
1880 2827 2085 2876 habente
2101 2860 2120 2883 2

1112 2902 1331 2949 s'allatum
1368 2897 1464 2947 fuit
1489 2900 1515 2947 a
1546 2894 1832 2947 satellitibus
1861 2898 2017 2946 Tullii
2044 2914 2119 2943 ca—

1129 2985 1215 3040 put
1229 3007 1245 3028 ,
1281 2969 1410 3037 quod
1434 2970 1674 3037 amputari
1695 2968 2041 3024 mandaverat,
2066 2978 2120 3013 ut

1129 3045 1177 3090 in
1203 3039 1413 3104 ejusdem
1441 3042 1543 3089 vita
1564 3040 1842 3088 Plutarchus
1862 3037 2022 3084 innuit
2049 3036 2121 3083 his

1130 3113 1319 3163 verbis:
1358 3112 1607 3181 *Jugulatus
1627 3112 1695 3161 ef?
1724 3126 1860 3157 autem
1879 3107 2032 3155 collum
2059 3125 2116 3155 ex

1130 3184 1282 3235 leHica
1290 3184 1551 3251 protendens
1569 3217 1584 3237 ‚
1623 3196 1783 3228 annum
1812 3180 1953 3226 aetacis
1980 3193 2112 3244 agens

1123 3256 1436 3325 sexagessmum
1467 3258 1522 3305 Φ·
1552 3268 1748 3318 quartum
1769 3285 1780 3298 .
1818 3250 2080 3368 Gapugjm
2096 3279 2114 3303 ‚

2025 3333 2115 3366 ma·
