2425 3747
762 225 803 273 C
871 224 916 273 A
988 223 1029 273 P
1102 220 1149 273 Z)
1223 222 1271 274 T
1369 216 1593 273 XVIII.

2067 237 2166 286 '¹57

170 296 252 344 sua
269 295 516 364 provincia
538 287 1146 342 Ecclefiasafundamentis
1199 293 1259 343 de
1290 295 1460 342 Marco
1498 288 1799 359 Evangelista
1837 290 1886 337 in
1922 294 2167 363 Maraphr.

172 361 387 415 exciraffe
419 401 435 423 ‚
474 359 615 412 refert
661 365 933 411 Antoninus
968 381 1064 430 par.
1102 383 1141 411 1.

172 436 247 482 tit.
262 444 311 486 6⁶.
341 453 444 502 cap.
467 439 598 491 1941*
622 451 662 480 1.

474 502 656 552 Eodem
675 505 819 550 Anno
834 538 845 549 .

242 576 432 624 Sandius
452 572 689 621 Martialis
711 574 949 640 templum
969 572 1139 621 Cathe-

166 644 302 694 drale
330 640 611 711 Angenense
635 640 719 691 sub
745 645 939 692 nomine
964 645 1017 689 B.
1043 645 1139 691 Ste-

165 715 309 783 phani
341 714 716 780 Protomartyris
749 713 999 762 condidit.
1039 716 1136 762 De·

166 784 377 832 mochar.
397 784 479 832 lib.
502 802 547 831 2.
562 802 660 851 cap.
682 800 760 843 25.

471 854 653 905 Eodem
677 856 821 902 Anno
838 889 850 901 .

224 924 363 974 Idem
381 927 431 972 B.
448 924 685 973 Martialis
702 937 754 971 ut
772 924 1010 991 templum
1029 925 1137 970 Bea-

166 1007 216 1041 to
235 995 376 1044 Petro
397 995 607 1043 dicatum
633 990 882 1061 assurgeret
897 1030 913 1051 ,
941 1009 1135 1059 operam

165 1064 405 1133 impendit
419 1100 429 1112 .
466 1065 752 1114 Demochar.
771 1062 853 1111 lib.
873 1082 917 1111 2.
938 1081 1036 1130 cap.
1055 1080 1078 1108 2
1092 1080 1134 1123 5,

464 1134 649 1183 Eodem
668 1139 812 1180 Anno
831 1168 841 1180 .

233 1208 361 1253 Item
386 1205 581 1253 San6³tus
616 1203 854 1251 Martialis
879 1201 1135 1250 Ecclesiam

163 1276 434 1322 Arvernam
467 1275 515 1321 in
535 1275 762 1320 honorem
781 1273 909 1327 Dei,
937 1274 987 1321 ὃς
1017 1273 1135 1321 Dei·
1203 1303 1209 1308 -

159 1361 281 1411 parae
312 1344 527 1410 Virginis
560 1343 774 1392 extruxit
795 1377 806 1392 .
846 1344 1134 1392 Demochar.

160 1411 243 1462 lib.
267 1431 311 1463 2.
335 1431 436 1481 cap.
459 1430 539 1474 25.

454 1482 636 1533 Eodem
663 1486 807 1534 Anno
826 1518 836 1529 .

165 1589 170 1592 -
229 1550 505 1602 Tholosana
538 1553 840 1602 Cathedralis
870 1550 953 1600 sub
986 1554 1130 1603 titulo

158 1622 205 1667 S.
244 1624 617 1689 Protomartyris
655 1624 876 1690 Stephani
917 1625 1094 1672 enituit
1113 1660 1129 1681 ,

160 1708 307 1757 quam
337 1693 584 1761 praediAEtus
614 1695 656 1740 S.
691 1695 931 1742 Martialis
960 1689 1129 1741 sunda-

158 1762 233 1811 vit
248 1799 260 1810 .
303 1763 588 1813 Demochar.
610 1761 690 1810 ubi
710 1761 846 1830 supra
861 1801 872 1813 .

523 1837 667 1880 Anno
694 1837 776 1895 48.

242 1904 498 1952 Mantuani
534 1901 593 1950 ad
628 1900 770 1948 fidem
802 1901 978 1948 Christi
1017 1918 1128 1948 con-

155 1971 358 2021 fluentes
375 2008 390 2033 ‚
418 1973 631 2040 primum
649 1970 886 2037 templum
907 1972 1128 2038 Deiparae

157 2043 352 2111 Virgini
373 2056 504 2091 extra
525 2040 673 2095 Urbis
693 2042 872 2090 moenia
896 2039 1132 2090 consecra-

154 2126 298 2164 runt:
318 2113 532 2180 intraque
553 2113 729 2160 moenia
748 2112 1131 2178 vigintiquatuor

157 2179 423 2233 statuendas
452 2179 680 2231 Ecclefias
698 2183 744 2228 in
762 2181 992 2230 honorem
1018 2179 1132 2245 ejus-

156 2259 269 2301 dem
283 2267 508 2301 curarunt
522 2289 532 2299 .
550 2253 808 2322 Ughellius
824 2265 942 2300 tom.
965 2272 1005 2300 1.
1021 2270 1125 2321 pag.

157 2330 276 2383 926.
297 2322 440 2374 Italiae
460 2325 597 2373 Sacrae
611 2359 622 2371 .

455 2394 639 2443 Eodem
660 2395 803 2441 Anno
824 2428 834 2439 .

228 2462 396 2511 Paduae
425 2467 531 2513 Rex
563 2464 836 2514 Vitalianus
868 2463 911 2509 S.
949 2461 1130 2529 Sophiae

156 2534 394 2601 templum
414 2536 593 2591 erexit,
610 2537 658 2581 in
677 2551 770 2600 quo
791 2531 1125 2599 Presbyteros,

156 2605 206 2653 ἃ·
227 2605 429 2651 Clerum
453 2601 681 2652 instituit:
700 2602 1030 2652 Prosdocimus
1050 2619 1127 2650 ve-

153 2674 207 2721 ro
225 2671 482 2742 Episcopus
509 2672 719 2742 praefuit.
758 2674 916 2722 Petrus
942 2673 1000 2723 de
1022 2676 1122 2721 Na-

155 2745 237 2792 tali
259 2743 342 2792 lib.
366 2764 441 2794 10.
463 2762 565 2812 cap.
590 2759 669 2803 33.

449 2814 805 2876 EodemhAnno
823 2851 833 2862 .

224 2882 460 2952 Discipuli
490 2888 536 2933 S.
555 2887 713 2933 Marci
741 2881 1051 2952 Evangelistae
1079 2885 1126 2932 in

157 2956 212 3003 iis
233 2957 348 3005 locis
362 2991 378 3012 ,
400 2973 500 3020 quae
517 2954 818 3004 Alexandriae
839 2955 1024 3008 Bubulci
1040 2973 1122 3003 no-

154 3043 264 3075 men
285 3038 566 3092 acceperunt
583 3061 600 3082 ,
632 3024 887 3075 Ecclesiam
908 3023 993 3074 fibi
1018 3025 1124 3074 aedi-

156 3093 352 3144 ficarunt
369 3093 732 3145 viventeradhuc
751 3096 979 3165 Magistro
995 3132 1005 3144 .
1020 3099 1123 3145 Me·-

155 3165 306 3232 tap—hr.
338 3167 386 3213 in
413 3168 514 3216 vita
543 3168 586 3213 S.
609 3167 764 3214 Marci
781 3165 1118 3235 Evangelistae:

155 3234 409 3303 Procopius
427 3238 664 3286 Diaconus
674 3271 698 3295 ,>
718 3236 769 3287 δε
784 3237 1118 3306 Cartophylax

1494 360 1677 410 Eodem
1696 364 1840 410 Anno
1859 396 1869 408 .

1266 430 1526 483 Leocadius
1551 432 1819 481 Galliarum
1844 432 2070 492 Senator,
2103 436 2164 486 de

1196 503 1407 576 prosapia
1425 504 1560 551 Vetii
1572 502 1771 574 Epagati
1784 536 1801 559 ‚
1814 500 2016 552 domum
2031 502 2163 554 suam

1191 581 1239 625 in
1273 569 1531 623 Ecclesiam
1563 572 1802 620 convertit
1816 607 1834 629 ,
1870 590 1970 637 quae
2004 572 2162 642 postea

1191 648 1366 694 Primas
1383 641 1507 708 apud
1526 643 1761 708 Bituriges
1787 642 1922 691 nasta
1937 642 2031 691 fuit
2048 679 2065 703 ,
2094 642 2162 693 sa-

1191 718 1280 764 cris
1307 712 1515 777 reliquiis
1541 711 1913 778 Protomartyris
1930 715 2158 782 Stephani

1191 783 1434 835 illustrata.
1450 781 1710 849 Gregorius
1729 780 2014 832 Turonensis
2030 783 2155 834 Hist.

1192 856 1276 905 lib.
1304 873 1346 903 1.

1549 926 1692 972 Anno
1718 938 1743 983 5
1759 941 1798 970 1.

1279 999 1335 1048 In
1362 992 1561 1040 civitate
1599 994 1767 1040 Altina
1804 993 1847 1038 S.
1872 990 2162 1043 Prosdocimi

1189 1062 1333 1135 opera
1367 1061 1636 1111 construstae
1670 1060 1865 1111 fuerunt
1899 1062 2116 1113 Ecclefiae
2142 1098 2161 1122 ,

1189 1131 1450 1198 Clerusque
1469 1129 1755 1198 compositus
1770 1167 1786 1189 ,
1817 1133 1866 1181 &
1885 1134 2126 1183 ordinatus
2143 1169 2154 1181 .

1188 1208 1348 1255 Petrus
1369 1203 1426 1253 de
1444 1203 1606 1250 Natali
1626 1199 1707 1247 lib.
1729 1220 1746 1249 1
1759 1220 1803 1248 0.
1819 1218 1919 1267 cap.
1939 1217 1962 1261 3
1975 1218 2018 1260 3.

1485 1271 1669 1320 Eodem
1688 1274 1836 1318 Anno
1857 1305 1867 1316 .

1256 1343 1449 1394 Sanstus
1465 1342 1688 1390 Clemens
1702 1337 1957 1407 Episcopus
1972 1343 2162 1390 Meten-

1183 1415 1239 1466 fis
1256 1453 1271 1475 ,
1307 1416 1462 1484 plures
1490 1412 1539 1458 in
1566 1408 1683 1459 urbe
1704 1406 1782 1456 sua
1810 1406 2023 1458 Basilicas
2048 1429 2161 1460 con-

1185 1487 1357 1537 struxit
1387 1520 1403 1543 ,
1441 1483 1735 1546 Clerumque
1772 1477 1968 1528 diversis
2005 1482 2163 1548 gradi-

1186 1558 1270 1607 bus
1290 1553 1568 1622 infignitum
1586 1550 1832 1600 ordinavit
1845 1585 1855 1595 .
1883 1552 2162 1601 Antoninus

1184 1646 1280 1696 par.
1303 1646 1343 1673 1.
1358 1628 1432 1671 tit.
1447 1630 1496 1670 6.
1512 1640 1613 1690 cap.
1632 1630 1713 1672 26.
1733 1621 1894 1669 Petrus
1913 1620 1972 1670 de
1994 1624 2158 1672 Natali

1184 1697 1267 1745 lib.
1295 1714 1370 1746 10.
1391 1710 1493 1758 cap.
1518 1709 1535 1736 1
1551 1704 1595 1746 3.

1546 1761 1691 1807 Anno
1716 1774 1796 1817 52.

1255 1839 1314 1884 In
1340 1827 1501 1897 Asylo
1519 1827 1682 1878 Castro
1705 1828 1833 1879 idem
1851 1831 1894 1876 S.
1908 1828 2159 1888 Prosdoci-

1185 1922 1290 1952 mus
1309 1902 1545 1968 templum
1571 1899 1766 1963 Virgini
1786 1901 2002 1966 Deiparae
2027 1902 2159 1952 dedi.

1183 1976 1311 2022 cavit
1327 2009 1337 2019 .
1357 1971 1520 2021 Petrus
1535 1969 1593 2018 de
1614 1968 1778 2017 Natali
1797 1968 1969 2018 eodem
1985 1970 2068 2018 lib.
2081 1992 2098 2022 1
2111 1994 2158 2023 0.

1185 2062 1283 2113 cap.
1306 2057 1328 2100 3
1342 2057 1386 2101 3.

1548 2109 1693 2156 Anno
1716 2124 1795 2172 54.

1255 2185 1307 2230 B.
1337 2179 1594 2227 Eucherius
1632 2178 1850 2228 Treviris
1864 2214 1879 2234 ,
1914 2197 1972 2228 ex
2005 2179 2154 2231 domo

1183 2252 1387 2302 Albanae
1426 2246 1670 2313 cujusdam
1708 2250 1955 2297 Senatricis
1982 2285 1998 2307 ‚
2036 2264 2155 2298 tem-

1184 2326 1317 2392 plum
1355 2323 1493 2369 Divo
1523 2320 1699 2387 Joanni
1738 2319 2045 2386 Evangelistae
2085 2318 2157 2368 sa..

1183 2412 1319 2445 crum
1337 2388 1588 2441 constituit
1605 2425 1614 2435 .
1634 2389 1829 2441 Annales
1844 2389 2155 2460 Trevirenfis.

1478 2458 1664 2510 Eodem
1693 2461 1837 2506 Anno
1857 2495 1867 2506 .

1251 2537 1295 2582 S.
1311 2536 1576 2587 Maternus,
1596 2531 1714 2577 Divi
1731 2530 1857 2577 Petri
1878 2526 2154 2596 discipulus,

1179 2623 1275 2653 non
1296 2603 1462 2672 procul
1480 2605 1506 2650 a
1521 2600 1783 2649 Mosshaim
1803 2600 2036 2665 templum
2051 2597 2157 2647 fun-

1179 2676 1340 2731 davit,
1360 2670 1489 2740 quod
1508 2672 1693 2739 vulgari
1717 2669 1859 2715 titulo
1876 2669 2155 2736 Dhompieter

1177 2745 1439 2813 nuncupari
1475 2738 1621 2791 solet.
1659 2741 1857 2791 Annales
1884 2739 2154 2808 Argentora-

1177 2817 1337 2884 tenfes.
1361 2810 1630 2880 Wolfgang.
1646 2812 1716 2861 De
1741 2812 1856 2870 Vitis
1872 2810 2046 2878 Praefitl.
2067 2810 2155 2860 Ne-

1179 2902 1397 2935 metorcen.
1418 2882 1629 2933 Michael
1645 2881 1909 2949 Buoching.
1928 2884 1976 2929 in
1994 2880 2149 2948 Ecclcss

1178 2958 1355 3010 Hift'or.

1537 3026 1682 3071 Anno
1704 3039 1729 3084 5
1741 3037 1786 3084 5.

1245 3095 1397 3164 Apud
1414 3090 1723 3143 Colonienses
1753 3089 1881 3139 idem
1901 3092 1950 3136 B.
1969 3091 2147 3136 Mater-

1175 3185 1260 3216 nus
1279 3167 1517 3233 templum
1535 3164 1739 3230 Principi
1760 3158 2142 3225 Apostolorum„

1175 3251 1309 3288 extra
1347 3235 1495 3291 Urbis
1527 3235 1704 3281 moenia
1740 3227 1890 3276 dicari
1925 3229 2115 3276 curavit
2133 3262 2146 3273 .

2040 3297 2142 3346 An-
