2425 3747
322 223 424 275 106

735 212 1168 272 VETER'A
1237 211 1934 272 MONIMENTA

322 287 451 343 brari
469 293 676 346 Crucem
694 325 711 348 ,
728 290 779 344 ,ὃς
797 304 971 338 nomen
987 284 1187 338 Domini
1208 287 1311 335 No·
1360 288 1609 339 literarum
1635 291 1818 357 origine
1836 326 1853 348 ,
1889 287 1969 339 seu
1995 286 2335 356 significatione

323 357 406 414 stri
438 364 558 430 μευ
584 364 786 411 CHRrsri
807 394 820 405 .

406 427 644 479 'Suarefius
676 427 786 476 huic
822 424 1027 478 Au&ori
1058 426 1306 493 proximus

333 499 623 557 arbitratur,
649 492 848 544 artifices
872 496 919 545 in
941 492 1148 546 vestibus
1164 497 1305 550 Chri-

328 567 385 617 sti
413 603 429 625 ,
465 559 808 634 Apostolorum
824 599 841 624 ‚
879 567 1178 632 aliorumque
1203 570 1304 620 He-

327 654 467 689 roum
482 637 633 683 varias
649 635 807 688 literas
828 634 1001 703 absque
1020 635 1209 688 delestu
1225 656 1305 688 ex-

324 701 552 776 preffisse,
572 704 836 754 alludentes
859 706 918 759 ad
933 708 1184 773 antiquum
1201 727 1302 758 mo-

323 792 427 833 rem
445 775 611 824 titulos
632 811 648 835 ,
667 776 718 827 &
735 772 896 829 versus
911 775 1218 837 inscribendi,
1236 792 1303 827 at-

322 844 610 911 texendique
637 845 932 896 vestimentis
960 848 1269 898 Patritiorum
1282 885 1302 908 ,

325 916 625 982 Civiumque
642 914 880 964 nobilium
896 940 910 978 3
925 919 974 968 &
989 917 1302 969 certiffimum

322 979 413 1035 effe
437 1021 454 1044 ,
493 985 571 1034 has
594 987 752 1035 literas
784 1004 1029 1054 nunquam
1064 992 1302 1041 nomina..

324 1072 497 1105 eorum
525 1091 542 1114 ‚
581 1057 662 1124 qui
694 1054 966 1119 hujusmodi
1006 1060 1302 1130 Imaginibus

322 1125 776 1193 repraesentabantur
793 1162 810 1185 ,
842 1129 992 1195 neque
1012 1133 1208 1181 nomina
1226 1133 1301 1182 Pi-

321 1196 514 1247 &orum
528 1230 547 1255 ,
575 1192 657 1245 seu
682 1195 1060 1249 Mufivariorum
1076 1236 1092 1260 ,
1127 1204 1208 1270 qui
1227 1220 1302 1253 eas

321 1261 533 1315 fecissent
564 1268 833 1335 exprimere
857 1304 875 1326 ,
911 1266 992 1319 sed
1028 1274 1182 1339 neque
1214 1291 1302 1323 ve-

324 1333 467 1385 stium
488 1337 683 1386 illarum
708 1357 727 1384 a
736 1340 1107 1405 ppellationem3
1134 1360 1222 1394 nec
1235 1340 1306 1394 es·

322 1403 372 1455 se
393 1407 551 1455 literas
564 1441 583 1466 ,
609 1424 722 1473 quas
740 1421 824 1456 aut
843 1422 1050 1461 textores
1065 1447 1085 1471 ,
1110 1427 1194 1463 aut
1211 1412 1304 1465 sar-

324 1489 450 1525 tores
466 1478 511 1524 in
529 1479 694 1544 pannis
709 1476 933 1530 consuere
949 1478 1154 1532 solerent
1166 1519 1182 1542 ‚
1199 1486 1300 1534 imo

324 1545 386 1597 ad
404 1543 655 1595 arbitrium
668 1583 686 1607 ,
712 1547 1001 1618 libitumque
1029 1551 1269 1604 artificum
1283 1590 1301 1614 ,

323 1616 376 1668 ἃ
394 1613 594 1664 fortuito
610 1616 881 1682 hujusmodi
901 1622 1303 1682 charafteressseu
1322 1618 1325 1620 ’

321 1698 460 1736 notas
489 1683 691 1750 persaepe
725 1685 862 1733 fuisse
895 1689 1077 1737 additas
1098 1719 1118 1745 ‚
1149 1694 1202 1739 ὃς
1227 1697 1307 1747 ‚in-⁸

322 1751 546 1822 scriptas.

396 1824 591 1872 Macrus
610 1819 731 1872 ficco
756 1823 942 1874 calamo
959 1823 1305 1893 quaestionem-a

325 1889 612 1963 pertransit,
648 1889 889 1946 affirmans
917 1892 1226 1948 solummodo
1248 1901 1307 1948 li·

325 1978 485 2014 teram
499 1964 553 2010 L.
570 1959 656 2013 effe
673 1965 882 2015 Gamma
902 1966 1125 2017 Graecum
1143 1969 1307 2019 inver-

325 2031 465 2095 sum3
490 2032 616 2083 unde
636 2050 720 2103 per
739 2034 836 2086 liaec
850 2049 1054 2102 quatuor
1074 2039 1307 2090 Gamma-

328 2115 377 2154 ta
403 2101 542 2153 fimul
575 2104 624 2151 in
656 2107 826 2156 Crucis
852 2104 1056 2157 formam
1085 2108 1309 2177 disposita

329 2172 479 2244 ipsam
501 2177 738 2235 Crucem,
751 2178 801 2228 ὃς
822 2194 904 2245 per
924 2179 1114 2227 literam
1126 2181 1195 2231 H.
1209 2182 1308 2230 Sal·

331 2245 511 2293 vatoris
537 2262 712 2294 nomen
741 2244 989 2316 significari
1016 2245 1205 2311 asserit,
1233 2253 1309 2301 di-

331 2311 569 2381 versisque
593 2320 881 2386 argumentis
898 2318 1100 2369 eandem
1117 2356 1134 2379 ,
1165 2339 1311 2389 quam

333 2389 596 2436 Severanus
611 2422 628 2446 ,
660 2384 941 2439 sententiam
961 2389 1141 2458 profert
1157 2426 1169 2438 .

417 2454 667 2506 Rubenius
699 2461 862 2511 multis
894 2462 1049 2510 allatis
1075 2457 1310 2531 profanae,

332 2545 385 2575 ac
401 2524 536 2575 sacrae
556 2529 850 2593 antiquitatis
865 2531 1213 2582 eruditionibus
1228 2550 1311 2580 au-

333 2608 517 2654 tumat,
546 2615 605 2647 ex
629 2598 722 2647 illis
741 2601 904 2667 colligi
924 2599 1045 2669 posse
1065 2603 1243 2652 Graecis
1260 2604 1307 2649 in

332 2662 472 2716 usum
484 2662 619 2717 fuisse
634 2669 761 2738 Sigla
775 2706 790 2729 ‚
816 2685 898 2720 aut
913 2674 1310 2740 Monogramma·

333 2736 431 2791 tia,
458 2740 616 2802 patriae
643 2741 724 2789 vel
752 2743 906 2810 gentis
930 2740 1020 2791 sua>
1048 2757 1311 2810 tanquam-2

335 2800 515 2874 insigne
535 2843 552 2866 ,
581 2809 735 2876 palliis
754 2825 965 2862 attexere
982 2849 992 2859 .

405 2876 520 2923 Dati
548 2891 675 2927 totus
700 2880 765 2932 est
797 2885 847 2931 in
871 2880 1198 2948 disquisitione
1229 2900 1310 2950 ge-

335 2944 522 3005 nuinae,
557 2965 609 2996 ac
637 2943 820 3000 sincerae
849 2953 1063 3004 lectionis
1102 2953 1308 3001 Pliniani

336 3013 518 3074 textus,
544 3021 792 3084 exquirens
822 3022 1085 3092 Teſjbrzsne,
1117 3042 1175 3073 an
1190 3022 1311 3074 Tex-

334 3090 475 3143 turis,
514 3086 683 3153 quibus
710 3107 888 3142 nomen
923 3093 1159 3142 Zeuxidis
1191 3091 1311 3141 scul-

339 3170 476 3222 ptum
507 3172 610 3206 erat
634 3195 651 3217 ,
686 3179 744 3210 ex
773 3163 917 3211 variis
943 3164 1081 3210 MSS.
1114 3164 1310 3212 Codici-

339 3226 424 3274 bus
451 3227 704 3296 legendum
724 3229 781 3281 sit
798 3267 814 3290 ,
842 3232 1051 3299 nihilque
1069 3231 1126 3282 de
1143 3233 1312 3281 harum

1357 354 1494 409 affert
1514 395 1526 406 .

1454 429 1686 481 Mellinus
1711 447 1800 498 -per
1833 430 2026 478 literam
2056 429 2126 479 H.
2158 431 2333 487 Christi

1356 499 1560 548 Domini
1585 497 1726 551 nost-ri
1748 517 1926 550 nomen
1940 516 2052 547 cum
2069 501 2334 564 SeveranQ

1354 569 1406 620 &
1428 571 1598 619 Macro
1623 569 1841 621 denotari
1862 592 1877 631 ;
1912 571 2102 619 literam
2125 574 2242 620 vero
2275 572 2315 618 Γ
2320 609 2333 621 .

1356 637 1701 707 Apostolorum
1734 636 2019 706 symbolum
2053 636 2144 691 esse
2171 643 2335 710 opina·

1354 723 1458 758 tur:
1495 726 1582 760 nee
1601 708 1647 759 se
1679 711 1908 759 inclinare
1935 711 1983 758 in
2004 712 2201 761 illorum
2230 709 2333 762 sen·

1354 780 1526 830 tentias
1559 778 1797 837 affirmat,
1830 781 1914 847 qui
1946 781 2119 830 volunt
2146 800 2230 851 per
2253 783 2335 833 has

1354 851 1517 901 literas
1536 886 1553 909 ,
1589 865 1670 900 aut
1695 849 2008 899 Gammadias
2033 868 2212 902 nomen
2232 871 2339 920 per-

1353 920 1474 970 sonae
1486 955 1503 979 ‚
1529 919 1628 970 five
1646 920 1893 988 dignitatis
1908 956 1924 978 ,
1942 919 2133 970 honoris
2148 957 2165 979 ,
2181 924 2231 972 ὃς
2248 941 2332 972 cu·

1349 989 1498 1056 jusvis
1526 991 1720 1040 alterius
1735 991 1804 1041 rei
1825 1005 1990 1040 notam
2004 988 2255 1057 significari
2273 1028 2287 1039 .
2324 1042 2327 1043 a

1421 1063 1516 1112 His
1546 1062 1904 1129 praecitatorum
1929 1061 2204 1111 Auitorum
2236 1060 2338 1112 sen·-

1351 1134 1518 1185 tentiis
1550 1130 1768 1182 adduffis
1787 1168 1804 1191 ‚
1842 1133 1900 1180 ne
1930 1148 2098 1180 eorum
2132 1133 2336 1200 diligen·

1354 1206 1473 1253 tiam
1489 1201 1549 1254 ad
1567 1203 1686 1252 hanc
1703 1220 1807 1252 rem
1828 1200 2156 1251 illustrandam
2173 1201 2338 1270 despe-

1356 1276 1486 1327 &am
1529 1274 1774 1341 vilemque
1808 1270 1983 1322 habere
2020 1273 2189 1323 videar
2213 1309 2230 1331 ,
2280 1273 2340 1323 acl

1357 1364 1483 1396 meas
1502 1344 1795 1407 conjesturas
1815 1340 2104 1393 roborandas
2120 1380 2136 1401 ‚
2173 1342 2341 1394 ralia&

1357 1413 1650 1466 affirmativa
1669 1450 1686 1472 ,
1724 1416 1772 1461 in
1799 1427 1933 1482 parte
1961 1413 2185 1482 negativa
2201 1448 2218 1471 ,
2257 1431 2339 1462 ex·

1353 1483 1493 1556 cepte'i
1513 1482 1715 1534 Suarefii
1734 1482 1966 1534 sententia
1976 1519 1995 1542 ,
2024 1485 2165 1533 unico
2183 1481 2310 1532 casui
2323 1519 2346 1544 ,ζ

1352 1556 1649 1623 fortuitoque
1664 1556 1861 1605 eventui
1878 1552 2011 1603 hasce
2028 1552 2237 1603 vestium
2256 1570 2343 1603 no-

1353 1643 1424 1677 tas
1459 1622 1753 1675 adscribente
1786 1658 1803 1682 ,
1854 1620 2162 1674 libentiffime
2197 1638 2342 1683 utar,

1357 1696 1606 1762 postquam
1635 1708 1807 1740 eorum
1839 1692 2063 1759 pofitivas
2092 1695 2340 1762 opiniones

1358 1756 1724 1814 evidentiffimis
1739 1761 2022 1824 conjesturis
2041 1780 2343 1833 nequaquam

1358 1828 1603 1884 subsistere
1627 1830 2015 1882 demonstravero
2033 1868 2044 1879 .

1431 1903 1512 1952 Illi
1531 1918 1648 1969 ergo
1663 1936 1680 1959 ,
1707 1902 1789 1967 qui
1806 1918 1891 1969 per
1909 1902 2155 1970 praedistos
2176 1906 2338 1955 chara..

1356 1972 1507 2025 &eres
1526 2006 1544 2030 ,
1580 1969 1661 2020 seu
1681 1972 1930 2020 literarum
1959 1970 2160 2041 figuras,
2196 1974 2339 2044 signi-

1361 2042 1490 2093 ficari
1504 2042 1680 2091 volunt
1704 2054 1786 2089 aut
1802 2045 1857 2089 M
1863 2059 2226 2109 onogrammas,
2257 2061 2341 2095 aut

1362 2118 1608 2170 Crucem,
1645 2125 1728 2160 aut
1766 2107 1983 2161 tesseram
2020 2112 2221 2173 Patriae,
2258 2131 2340 2166 aut

1361 2187 1554 2235 literam
1589 2182 1825 2230 initialem
1847 2184 2052 2230 nominis
2071 2184 2309 2237 illorum„
2323 2225 2340 2247 ,

1360 2256 1446 2323 qui
1470 2270 1553 2322 per
1566 2252 1682 2302 tales
1707 2253 1935 2320 imagines
1947 2250 2340 2369 praefigurantur,

1361 2338 1445 2375 aut
1477 2339 1651 2373 nomen
1680 2321 1910 2379 Pistoris,
1966 2339 2025 2371 eu
2052 2323 2340 2386 Musivarii,

1362 2409 1444 2445 aut
1460 2410 1634 2445 nomen
1647 2390 1992 2460 Apostolorum
2006 2427 2023 2450 ,
2036 2408 2341 2445 caeterorum-

1359 2484 1453 2534 que
1474 2463 1754 2514 Sandtorum
1770 2498 1787 2520 ,
1818 2474 1900 2510 aut
1919 2462 2094 2513 Christi
2111 2468 2342 2525 Domini,

1361 2535 1539 2587 debent
1552 2533 1659 2581 ante
1672 2567 1688 2589 ,
1716 2545 1943 2600 tanquam
1959 2547 2146 2583 certum
2164 2533 2253 2585 suae
2268 2536 2339 2584 as·

1361 2605 1575 2658 sertionis
1588 2600 1957 2652 fundamentum
1969 2639 1986 2661 ,
2003 2602 2192 2654 firmare
2209 2606 2341 2672 quod
2413 2658 2415 2661 ,

1362 2675 1577 2744 semper,
1612 2674 1663 2723 &
1690 2671 1865 2740 ubique
1892 2673 2145 2724 iidemmet
2173 2676 2337 2724 chara-

1361 2748 1540 2807 ἃεῑεε,
1573 2744 1624 2794 ὃ(
1644 2743 1925 2792 eaedemmet
1953 2758 2075 2792 notae
2099 2747 2337 2813 reperian-

1362 2833 1441 2866 tur
1474 2817 1522 2863 in
1559 2814 1857 2864 illarummet
1889 2815 2165 2882 Imaginum
2196 2815 2335 2864 vesti„

1361 2886 1533 2936 mentis
1548 2919 1564 2941 ,
1600 2901 1801 2950 quarum
1824 2897 2114 2952 prototypus
2131 2903 2214 2952 per
2234 2887 2337 2935 illas

1360 2956 1679 3024 exprimitur3
1715 2956 1844 3020 quod
1869 2971 1962 3003 non
1985 2952 2139 3003 solum
2157 2973 2253 3004 non
2268 2954 2336 3004 fa-

1360 3028 1495 3075 ciunt
1528 3023 1738 3092 praediffi
1768 3024 2004 3073 linitores
2024 3059 2041 3081 ,
2076 3022 2159 3074 sed
2187 3028 2336 3074 etiam

1362 3099 1484 3145 inter
1503 3092 1548 3145 se
1571 3108 1763 3162 propter
1790 3093 1987 3144 istorum
2006 3094 2335 3145 charadierum

1362 3164 1510 3215 modo
1539 3166 1586 3212 in
1604 3182 1724 3223 una,
1759 3163 1907 3214 modo
1926 3166 1973 3212 in
1994 3165 2142 3214 altera
2161 3168 2332 3234 imagi-

1362 3253 1421 3286 ne
1458 3248 1756 3303 repertorum
1791 3232 2116 3286 diversitatem
2134 3236 2330 3354 {liam

2184 3324 2197 3353 i
2222 3323 2324 3356 cre·
