2425 3747
364 301 423 346 18

355 363 716 432 ,Presbyterium
731 399 747 421 ,
769 365 935 413 Altare
951 365 1119 422 majuS,
1137 361 1186 410 ὃς
1206 361 1326 411 vici-

352 454 424 488 na?
447 449 598 503 partes
628 434 906 482 elevatiores
926 428 1062 487 sunt,
1100 431 1165 478 ita
1186 443 1238 479 ut
1265 429 1324 478 ad

357 507 459 559 illas
496 504 771 555 ascendatur
816 518 898 567 per
934 501 1091 567 plures
1125 500 1325 567 gradus,

354 572 761 642 quemadmodum
778 569 941 619 videre
964 569 1028 620 est
1044 571 1091 617 in
1106 568 1327 620 omnibus

354 643 498 698 ferme
517 640 747 691 Bafilicis.
790 641 1008 691 Clariora
1032 654 1193 692 tamen
1222 643 1325 689 uni-v

356 712 489 765 versa
508 714 600 761 haec
621 709 761 768 fient,
783 709 816 759 fi
835 712 1060 779 Figuram
1075 713 1328 779 Ichnogra-

357 785 547 851 phicam
559 778 714 830 denuo
730 780 1213 849 repetentes‚fingulas
1228 799 1330 850 par-

355 869 421 902 tes
453 852 743 920 explicemus
761 887 771 897 .

424 925 486 970 A.
526 921 603 969 Est
618 924 784 974 Altare
802 928 951 984 majus
968 916 1051 969 sub
1065 918 1264 970 Ciborio
1285 959 1295 969 .

423 995 474 1042 B.
516 990 756 1043 Cathedra
789 989 1079 1060 Episcopalis
1120 1007 1329 1043 marmo-

354 1081 431 1112 rea
451 1059 587 1130 super
607 1060 777 1129 gradus
793 1098 808 1119 ,
845 1060 927 1109 sub
948 1058 1103 1110 abside
1121 1096 1131 1106 .

425 1136 482 1183 C.
524 1127 766 1182 Confessus
806 1131 1202 1200 Presbyterorum
1246 1131 1328 1179 sub

355 1200 511 1252 abside
531 1238 540 1247 .

354 1316 356 1318 .
424 1275 484 1320 D.
524 1271 886 1338 Presbyterium
921 1274 948 1323 ἓι
992 1271 1185 1342 praefato
1222 1287 1332 1318 con—

351 1340 468 1397 sessu
491 1345 554 1392 ita
584 1342 770 1394 dietum
792 1378 802 1389 .

424 1415 475 1459 E.
517 1413 846 1462 San&uarium
877 1448 893 1469 ,
932 1411 1028 1464 five
1068 1430 1171 1463 area
1208 1414 1332 1462 inter

351 1484 473 1534 duos
492 1488 692 1545 majores
715 1500 845 1530 arcus
863 1519 873 1528 .

424 1558 472 1602 F.
514 1556 712 1621 Septum
726 1570 1049 1604 marmoreum
1068 1552 1329 1604 Sandffimii

355 1622 414 1679 ad
445 1625 828 1692 Septentrionem
848 1659 859 1669 .

349 1734 353 1740 ..
424 1695 486 1741 G.
527 1697 727 1761 Septum
757 1710 1083 1743 marmoreum
1104 1693 1326 1742 sanetum-

353 1766 411 1813 rii
445 1762 503 1813 ad
532 1762 788 1810 Austrum.

425 1835 492 1882 H.
533 1833 747 1883 Cancelli
769 1831 1061 1894 Sanetuarii‚
1091 1831 1186 1883 five
1203 1829 1331 1884 Pres-

354 1901 535 1970 byterii
559 1939 568 1949 .

425 1976 464 2021 I.
505 1971 695 2022 Ostium
713 1972 1051 2020 Cancellorum
1072 1973 1119 2017 in
1137 1971 1296 2020 medio
1319 2007 1329 2017 .

425 2043 479 2089 L.
518 2041 706 2091 Gradus
725 2041 987 2093 Sanetuarii
1010 2042 1117 2089 hinc
1134 2044 1184 2092 &
1202 2043 1332 2091 illinc

349 2108 565 2180 dispositi
585 2148 594 2157 .

425 2185 497 2231 M.
539 2182 724 2231 Chorus
754 2199 1073 2241 marmoreus,
1112 2181 1328 2251 peribolo

348 2250 505 2320 septus
520 2288 535 2310 ,
575 2250 655 2301 ubi
691 2251 979 2300 Subdiaconi
998 2289 1015 2311 ,
1056 2255 1330 2319 Cle1·ieique

350 2325 559 2371 minores
577 2358 592 2379 ,
631 2323 680 2374 ὃς
699 2325 931 2372 Cantores
950 2321 1264 2374 consistebant
1282 2359 1291 2370 .

427 2396 490 2441 N.
532 2390 723 2442 Ostium
744 2393 893 2444 Chori
914 2430 924 2440 .

425 2466 487 2512 O.
512 2461 676 2510 Ambo
692 2481 983 2512 marmoreus
996 2463 1054 2512 ad
1071 2465 1329 2514 leffionem

351 2534 600 2600 Evangelii
645 2534 692 2579 in
724 2546 856 2600 parte
880 2531 1090 2581 Australi
1109 2571 1119 2580 .
1157 2535 1332 2603 Figura

353 2604 581 2672 peculiari
616 2603 663 2649 in
685 2601 808 2652 Tab.
828 2606 975 2655 XIII.
1009 2601 1333 2655 exhibendum

348 2674 609 2722 ,ambonem
638 2675 835 2730 curavi,
868 2686 920 2721 ut
941 2673 1068 2721 illius
1085 2675 1330 2742 orthogra-

356 2744 491 2810 phica
507 2756 784 2794 ornamenta
805 2741 1065 2792 distinetius
1086 2743 1332 2812 exp1·effa-‚

351 2814 509 2867 [videri
528 2810 716 2879 possent.
735 2812 823 2863 Sed
839 2816 1063 2879 quoniam
1078 2814 1153 2862 hic
1166 2816 1223 2864 de
1238 2836 1334 2865 am-

351 2882 476 2932 bone
494 2884 672 2932 mentio
696 2886 905 2933 occurrit
918 2920 934 2941 ,
955 2902 1049 2933 non
1068 2886 1331 2954 incongrufi

353 2953 454 3003 fore
479 2951 778 3010 arbitramur,
811 2950 845 3001 fi
862 2968 1027 3021 praeter
1046 2957 1172 3003 illius
1186 2959 1330 3025 Figu-

355 3040 484 3079 ram,
503 3021 682 3089 aliquid
702 3021 759 3070 de
781 3041 926 3081 voce,
959 3027 1167 3092 origine,
1181 3027 1230 3076 ὃ(
1249 3026 1334 3078 usu

356 3092 568 3141 breviter
601 3091 922 3160 praelibemus.
962 3098 1154 3146 Nomen
1185 3098 1334 3164 igitur

357 3162 572 3215 Ambonis
596 3163 831 3230 originem
847 3162 1043 3231 sumpsit
1058 3165 1137 3217 vel
1158 3167 1183 3215 a
1202 3169 1330 3217 Grae-

749 287 1964 347 VETERAMONIMENTA

1380 360 1549 412 Latino
1575 360 1741 418 ambio,
1780 359 1836 412 eo
1858 363 1967 430 quia
1983 361 2352 430 circumquaque

1378 429 1558 478 ambiat
1574 468 1590 490 ‚
1619 445 1673 479 ut
1694 429 1856 479 scribit
1880 427 2162 484 walafridus
2183 433 2351 483 Strabo

1380 500 1449 552 De
1460 500 1771 570 Ecclefiaflicis
1783 502 1938 569 officiis
1953 510 2106 570 capo,
2126 503 2206 567 qui
2225 504 2354 552 illius

1382 565 1517 620 affert
1534 569 1861 622 definitionem
1878 608 1892 629 ,
1912 573 2082 641 nempe
2119 571 2259 622 Ambo
2295 570 2354 621 ab

1382 639 1604 690 ambienda
1637 639 1698 689 fic
1733 642 1912 699 dietus,
1949 644 2058 707 quia
2093 644 2353 691 intrantem

1384 709 1565 771 ambit,
1600 712 1650 761 ἃ
1687 709 1870 779 stringit
1891 748 1901 760 .
1949 714 2049 779 Ego
2086 710 2205 761 vero
2241 712 2352 760 huic

1384 777 1674 830 subscribere
1696 782 1895 830 minim&
1915 781 2081 841 ausim,
2102 800 2214 832 cum
2251 795 2355 839 ἔμε»

1384 869 1480 902 vox
1501 849 1557 901 fit
1571 853 1809 910 Graeca‚&
1826 850 1882 900 ab
1897 853 2097 917 antiquis
2116 852 2354 920 usurpata,

1390 922 1592 987 ideoque
1628 924 1653 970 a
1687 924 1855 972 Latino
1886 920 2098 971 sermone
2118 923 2353 988 originem

1384 990 1568 1044 traxisse
1588 994 1760 1043 rationi
1794 993 2021 1040 absonum
2052 990 2142 1040 est.
2182 995 2225 1041 S.
2248 996 2353 1061 Cy-

1386 1065 1573 1132 prianus
1606 1061 1862 1111 ambonem
1896 1060 2101 1110 tribunal
2124 1065 2319 1110 vocavit
2338 1098 2354 1119 ,

1385 1150 1438 1183 ut
1457 1133 1596 1182 docet
1615 1134 1885 1181 Amalarius
1903 1133 1973 1181 De
1987 1132 2231 1201 Ecclefiaft'.
2247 1132 2352 1201 qffic.

1380 1224 1426 1252 -c.
1454 1223 1527 1262 17.
1566 1205 1812 1275 Pulpitum
1831 1200 1924 1251 fuit
1953 1205 2096 1250 etiam
2114 1220 2355 1270 nuncupa-

1387 1290 1526 1331 tum,
1563 1275 1670 1340 quia
1704 1275 1751 1321 in
1789 1271 1982 1340 publico
2002 1270 2263 1330 statutum,
2299 1285 2355 1321 ut

1386 1347 1466 1413 qui
1488 1344 1552 1391 ibi
1578 1342 1712 1403 stant,
1732 1342 1788 1391 ab
1810 1343 2028 1392 omnibus
2049 1341 2320 1392 videantur.

1458 1416 1505 1465 P.
1546 1413 1709 1463 Ambo
1749 1432 2041 1462 marmoreus
2084 1413 2142 1462 ad
2186 1412 2352 1463 1εᾶἱο-

1383 1503 1494 1535 nem
1517 1482 1731 1552 Epistolae
1754 1486 1800 1531 in
1820 1498 1950 1552 parte
1971 1485 2253 1551 Aquilonari
2272 1520 2282 1529 .

1457 1557 1528 1623 Q
1561 1556 1859 1606 Senatorium
1893 1556 1941 1601 in
1961 1566 2092 1622 parte
2113 1550 2353 1609 Australi,

1381 1625 1464 1675 ubi
1487 1628 1729 1675 Senatores
1751 1622 2083 1674 consistebant.

1458 1699 1517 1744 R.
1557 1698 1755 1764 Septum
1775 1696 2020 1763 lapideum
2042 1693 2305 1742 Senatorii.

1467 1768 1511 1812 S.
1552 1766 1742 1815 Ostium
1765 1766 2026 1813 Senatorii.

1456 1836 1516 1884 T.
1556 1839 1876 1884 Matronaeum
1914 1837 1939 1883 ὲ
1976 1845 2109 1902 parte
2144 1831 2350 1898 Aquilo-

1385 1907 1483 1951 nari
1506 1941 1521 1962 ,
1556 1905 1637 1952 ubi
1658 1909 1890 1953 Matronae
1913 1899 2223 1952 confistebant
2243 1937 2254 1947 .

1453 1980 1516 2024 V.
1558 1978 1757 2041 Septum
1777 1973 2024 2041 lapideum
2041 1972 2293 2020 Matronaei
2310 2006 2321 2017 .

1455 2049 1520 2098 X.
1560 2044 1751 2097 Ostium
1773 2045 2025 2093 Matronaei
2048 2076 2058 2088 .

1453 2133 1492 2165 a.
1531 2116 1636 2163 Pars
1680 2150 1696 2172 ,
1743 2112 1840 2163 five
1876 2116 2007 2162 locus
2045 2111 2263 2161 virorum
2299 2109 2357 2157 ad

1384 2184 1618 2236 Austrum
1637 2220 1652 2242 ,
1689 2203 1812 2231 nunc
1845 2184 1996 2232 Navis
2020 2182 2307 2248 appellatus.

1455 2256 1495 2304 b.
1537 2257 1665 2304 Aula
1686 2251 1904 2304 Ecclefiae
1922 2253 2035 2303 viris
2062 2248 2357 2320 potiffimum

1381 2324 1609 2375 destinata
1627 2361 1637 2372 .

1453 2417 1487 2445 c.
1527 2399 1659 2453 Pars,
1682 2393 1776 2444 five
1798 2395 1926 2442 iocus
1945 2429 1961 2451 ,
1980 2406 2061 2441 aut
2081 2392 2233 2441 Navis
2246 2409 2355 2440 mu-

1384 2468 1555 2516 lierum
1577 2466 1635 2515 ad
1656 2465 1954 2531 Aquilonem
1976 2499 1986 2508 .

1451 2537 1494 2586 d.
1535 2536 2002 2587 Cathecumenorum
2020 2569 2034 2590 ,
2054 2535 2103 2583 &
2123 2534 2357 2600 poeniten-

1387 2607 1510 2654 tium
1530 2609 1749 2656 virorum
1768 2603 1986 2653 stationes
2009 2639 2019 2649 .

1456 2698 1488 2725 e.
1530 2678 1998 2728 Cathecumenarum
2017 2709 2033 2730 ,
2050 2675 2099 2722 ἃ
2120 2673 2356 2740 poeniten-

1387 2747 1510 2793 tium
1529 2749 1790 2796 mulierum
1809 2744 2050 2794 stationes.

1438 2817 1490 2885 f.
1526 2819 1843 2866 Secretarium
1866 2852 1877 2863 .

1447 2909 1492 2957 g.
1532 2890 1712 2958 Regia,
1750 2886 1847 2939 five
1877 2891 2017 2951 janua
2046 2881 2262 2933 Ecclesiae
2297 2881 2356 2931 ad

1384 2961 1639 3011 Orientem
1660 2995 1671 3006 .

1451 3030 1495 3078 h·
1541 3029 1640 3083 Ubi
1675 3023 1934 3094 antiquitus
1961 3023 2225 3073 Monachos
2243 3039 2356 3069 con-

1384 3095 1543 3150 stitisse
1562 3100 1707 3167 aliqui
1732 3109 1900 3166 putant
1920 3132 1931 3141 .

1453 3175 1484 3216 i.
1524 3169 1627 3223 Ubi
1646 3164 1904 3235 antiquitus
1922 3164 2125 3212 Ancillae
2143 3158 2355 3218 Dei‚five

358 3251 414 3281 CO
454 3233 603 3282 verbo
638 3241 826 3290 οἱμεοᾶνειν,
861 3234 989 3300 quod
1021 3235 1237 3304 ascendere
1272 3236 1328 3286 fi·
1377 3237 1564 3292 sacratae
1596 3241 1820 3306 Virgines
1857 3232 2105 3283 constitere
2125 3268 2141 3290 ,
2175 3231 2356 3279 tabulas

357 3301 579 3371 gnificat,
616 3316 669 3351 ut
698 3306 854 3373 placet
883 3305 1146 3366 Panvini03
1183 3308 1261 3361 vel
1299 3310 1325 3359 ὲ
1379 3307 1498 3376 septi
1519 3309 1746 3378 separatas
1762 3304 2001 3363 habentes,
2024 3309 2155 3368 cujus
2169 3304 2238 3351 rei
2255 3318 2355 3349 me-

2213 3371 2352 3418 minit
