2482 3742
50 336 222 383 :littera
259 334 320 380 A.
363 328 457 398 ipsa
492 327 608 379 vero
646 328 793 399 figura
827 332 1024 400 amplia*-

59 417 110 452 ta
134 421 245 452 cum
276 401 493 450 omnibus
526 403 573 448 in
602 419 654 449 ea
685 403 918 452 contentis
948 402 1026 451 lit.-

65 475 181 522 teris
212 476 262 520 Β.
288 476 346 521 C.

137 543 439 610 Exprimitur
454 545 502 590 in
519 561 571 593 ea
588 545 742 593 veluti
762 545 908 593 altare
921 580 936 602 ,
955 560 1031 591 cu·-

61 620 134 679 jus
153 614 198 659 in
220 611 378 661 medio
402 619 525 676 jacet
541 616 771 663 volumen
796 613 1031 684 fignatum

66 682 228 751 sigillis
255 682 434 750 septem
451 720 468 742 ,
499 682 636 752 super
663 682 791 750 quod
816 686 1034 732 imminet

66 756 199 819 nigra
230 755 364 801 Crux
384 789 399 810 ,
426 756 580 802 veluti
609 756 656 800 in
681 755 920 803 velamine
952 771 1033 801 ex-

68 819 211 890 pressa
229 857 246 881 ‚
277 824 326 872 &
353 825 400 870 in
431 829 527 888 ejus
552 826 684 892 apice
705 842 878 872 corona
906 841 1037 892 gem-

65 905 222 947 mata,
249 894 274 940 ἓι-
294 910 385 959 qua
415 891 568 961 ipsum
587 895 807 942 velamen
828 893 1034 961 pendere

67 959 367 1029 conspicitur.
385 962 535 1013 Retro
551 982 777 1013 coronam
796 966 884 1012 alia
900 967 1035 1013 Crux

66 1046 305 1097 gemmata
330 1032 595 1093 attollitur,
611 1039 741 1096 cujus
757 1037 782 1084 a
798 1048 928 1101 tergo
950 1033 1036 1080 stat

67 1103 299 1159 thronus,
336 1105 387 1154 &
414 1103 508 1173 ipse
530 1106 735 1172 gemmis
764 1104 1038 1160 distinCius,

68 1173 122 1221 ἃ
150 1172 198 1219 in
213 1169 350 1221 seffili
382 1180 477 1237 ejus
495 1174 655 1224 medio
686 1176 910 1241 pulvinar
929 1192 1039 1241 pan-

71 1259 136 1289 no
152 1256 431 1310 coopertum
448 1280 458 1290 .
481 1247 687 1292 Summis
704 1257 865 1291 autem
886 1257 1039 1291 extre-

71 1309 265 1377 misque.
282 1311 340 1359 ab
372 1310 511 1380 ipsius
537 1313 695 1362 throni
719 1311 944 1361 lateribus
965 1329 1043 1359 ex-

62 1392 175 1429 *tant
193 1381 288 1430 duo
304 1400 474 1430 canum
495 1385 648 1453 capita
664 1420 679 1441 ,
694 1385 718 1432 e
737 1399 940 1450 quorum
961 1399 1043 1429 ore

71 1450 337 1518 duplicatus
359 1452 537 1521 pendet
550 1450 803 1510 funiculus,
819 1459 948 1513 cujus
966 1469 1043 1500 ex-

72 1522 392 1572 tremitatibus
410 1523 586 1574 floccus
603 1542 808 1574 annexus
828 1522 893 1572 est
905 1559 915 1569 .
933 1525 1041 1571 Cir-

65 1609 127 1639 ca
153 1588 272 1640 sedis
304 1593 517 1642 medium
542 1631 557 1653 ,
595 1594 653 1642 ad
689 1594 931 1643 dexteram
968 1594 1043 1641 135,-

64 1678 280 1727 --vamque
298 1664 558 1730 pulvinaris
575 1700 590 1722 ,
618 1662 785 1731 finguli
805 1664 912 1711 hinc
935 1662 1043 1711 inde

76 1729 297 1779 visuntur
322 1730 524 1781 orbiculi
547 1730 800 1782 referentes
819 1735 894 1780 SS.
920 1733 1044 1780 Petri

75 1803 126 1851 &
153 1803 284 1849 Pauli
313 1805 467 1870 capita
494 1840 510 1862 ,
547 1803 716 1852 eodem
744 1802 893 1852 serm&
922 1804 1048 1860 ritu,

76 1889 172 1938 quo
191 1875 544 1939 Imperatorum
564 1872 743 1942 effigies
763 1872 1049 1921 militaribus

76 1941 215 2008 signis
236 1940 413 1992 insertae
440 1945 488 1991 in
509 1943 704 1992 vetustis
731 1941 1048 1991 marmoribus

75 2009 431 2079 conspiciuntur
450 2050 461 2060 .
491 2014 713 2062 Thronus
735 2013 814 2062 iste
841 2013 1046 2062 nonnul-

80 2083 179 2135 lam
203 2078 408 2150 speciem
426 2081 660 2152 praesefert
677 2085 957 2140 Memoriae,
974 2081 1050 2131 seu

59 2149 422 2211 rConfeffionis,
451 2153 755 2221 Martyribus
783 2156 901 2203 olim
924 2153 1050 2201 dica-

81 2224 124 2275 ri
141 2220 316 2284 solitae,
352 2224 411 2273 de
428 2242 521 2291 quo
542 2223 676 2294 supra
697 2226 744 2272 in
763 2228 880 2292 Cap.
905 2227 1048 2275 XIX.

7 2308 21 2313 ²
46 2320 60 2323 <
85 2292 210 2344 Tab.
227 2294 415 2343 XLIII.
436 2297 535 2362 Fig.
557 2314 602 2342 2.

159 2363 572 2414 Valdediversam
602 2365 738 2427 hujus
755 2366 946 2433 pi&urae
972 2364 1054 2414 de·

84 2430 393 2500 scriptionem
412 2438 612 2504 reperies
632 2438 677 2482 in
696 2435 883 2483 historia
902 2433 1057 2482 Basili-

85 2520 148 2549 cae
171 2502 427 2553 Liberianae
443 2542 458 2562 ,
484 2524 624 2572 quam
651 2503 922 2573 conscripsit
939 2506 1054 2552 Pau-

85 2573 158 2621 lus
190 2572 249 2621 de
270 2576 466 2642 Angelis
486 2611 501 2631 ‚
537 2577 617 2623 ille
644 2574 874 2642 siquidem
903 2576 1054 2624 Ρίἑὶο·

87 2659 140 2696 re
175 2640 359 2692 fortasse
395 2642 501 2692 usus
537 2663 629 2692 non
669 2645 774 2695 satis
805 2660 1023 2694 accurato
1042 2683 1057 2704 ,

89 2731 269 2780 agnum
300 2715 406 2762 loco
436 2715 724 2772 voluminis,
764 2715 1057 2782 multasque)

90 2785 204 2830 alias
231 2782 398 2852 figuras
424 2802 507 2853 pro
527 2783 679 2833 lubito
699 2789 898 2836 variatas
926 2787 1057 2834 exhi-

91 2851 201 2905 buit
220 2889 231 2900 .
265 2858 367 2902 Nos
385 2857 644 2906 accuratius
661 2891 676 2912 ,
710 2870 788 2903 aut
811 2858 934 2904 cert&
960 2874 1061 2905 mo-

93 2921 238 2972 rosius
267 2924 348 2972 ista
375 2923 736 2992 prosequentes,
766 2924 914 2973 labori
942 2924 1061 2972 nulli

92 2997 420 3062 pepercimus,
458 3008 539 3042 aut
574 2994 782 3062 expensae
800 3033 815 3054 ,
852 3011 906 3043 ur
943 2992 1062 3045 fide,

97 3067 240 3130 quam
270 3062 369 3113 fieri
400 3063 545 3133 posset
571 3065 817 3114 maximae}
840 3079 1063 3134 prototy-

98 3151 161 3201 po
189 3130 365 3202 singula
384 3132 781 3184 describerenturz
818 3149 1064 3203 propterea

98 3201 135 3252 si
152 3204 362 3268 quaedam
381 3203 823 3271 interpretabimur,
840 3223 967 3272 aequo
989 3224 1066 3254 no·-

99 3273 190 3322 stro
211 3277 314 3333 jure
335 3275 384 3333 id.
407 3272 614 3344 praestare
637 3273 936 3333 videbimur,
955 3272 1063 3326 curn

88 3379 98 3383 ⁷-
168 3341 309 3394 Par-L

994 260 1040 311 ἶ)
1113 255 1157 311 Τ
1261 253 1466 309 XXII.

1954 280 1976 308 2
1989 284 2014 310 ο
2026 283 2045 310 1

1080 332 1264 378 minuta
1291 346 1483 396 quaeque
1504 343 1598 375 non
1613 327 2048 395 praetermiserimus

1081 398 1332 448 observare
1353 436 1364 446 .

1152 471 1380 521 Occurrit
1398 469 1552 535 primo
1569 467 1627 517 de
1645 465 1811 515 Mensa
1825 503 1840 524 ,
1854 465 1950 516 five
1969 469 2052 516 Al:⁴

1083 542 1174 591 tari
1200 542 1356 607 aliqua
1385 537 1598 587 breviter
1626 537 1849 586 adnotare
1869 574 1884 595 ,
1923 538 2051 604 quod

1084 611 1247 661 floccis
1271 622 1493 658 ornatum
1522 607 1588 656 est
1609 644 1625 665 ,
1644 621 1714 654 -ut
1744 606 1884 657 hodie
1914 607 2054 657 vide·-

1087 700 1190 729 mus
1209 681 1256 726 in
1277 678 1539 728 eorundem
1555 679 1796 725 Altarium
1821 676 2057 736 vestibus,

1087 749 1183 799 five
1201 746 1484 797 frontalibus
1505 784 1515 795 .

1160 818 1372 868 Secundo
1405 816 1883 866 animadvertendum
1915 821 2056 868 volu·-

1088 908 1196 938 men
1220 889 1555 956 complicatum
1571 924 1588 945 ,
1621 889 1671 938 &
1688 885 1867 953 septem
1893 887 2057 957 sigillis

1090 957 1405 1025 obsignatum3
1417 958 1543 1025 quod
1558 957 1772 1026 profesto
1789 958 1905 1005 nihil
1926 961 2057 1007 aliud

1092 1030 1285 1078 denotat
1318 1066 1333 1087 ,
1378 1028 1464 1077 nifi
1501 1030 1728 1078 volumen
1770 1028 2058 1096 Evangelio-

1092 1118 1198 1148 rum
1216 1136 1230 1157 ,
1245 1099 1372 1166 quod
1389 1097 1547 1168 iigillis
1567 1099 1683 1146 olim
1703 1094 2061 1164 obsignabatur,

1095 1171 1152 1218 de
1182 1188 1275 1236 quo
1304 1171 1436 1237 plura
1467 1169 1694 1238 peculiari
1728 1171 1879 1233 capite
1916 1171 2059 1218 XVI.

1096 1238 1233 1306 supra
1249 1238 1557 1306 congessimus
1573 1276 1589 1296 ,
1617 1236 1698 1284 ubi
1720 1237 1778 1284 de
1795 1238 1960 1306 magna
1979 1256 2066 1286 vo-

1100 1311 1293 1356 luminis
1326 1311 1698 1375 Evangeliorum
1731 1310 2065 1358 veneratione„

1095 1377 1193 1426 fuse
1210 1377 1518 1427 disseruimus.
1541 1376 1687 1445 Qod
1704 1390 1864 1424 autem
1884 1375 2067 1444 septem

1095 1446 1418 1516 obfignaretur
1442 1445 1634 1516 figilhs,
1674 1447 1788 1513 quid
1815 1447 1943 1494 aliud
1981 1449 2068 1495 in„

1097 1515 1276 1578 caussa,
1294 1515 1379 1565 nisi
1397 1519 1524 1584 quod
1546 1515 1725 1566 librum
1744 1518 1883 1564 illum
1905 1535 2068 1585 reprae-

1097 1588 1317 1646 sentaret,
1336 1589 1393 1636 de
1409 1608 1500 1654 quo
1520 1592 1566 1636 in
1582 1585 1944 1654 Apocalypseos
1961 1607 2063 1655 cap.

1103 1677 1146 1719 5.
1171 1677 1300 1706 num.
1326 1678 1364 1706 1.
1384 1657 1475 1706 ibi:
1505 1660 1563 1709 Et
1580 1659 1690 1706 ‘vicli
1720 1661 1768 1703 in
1793 1659 1972 1706 dextera
1991 1661 2067 1726 se-

1099 1731 1243 1779 dentis
1262 1731 1398 1796 fhpra
1422 1731 1619 1777 thronum
1647 1728 1805 1775 librum
1822 1730 2071 1795 scriptula.

1101 1805 1218 1849 imus
1236 1796 1416 1866 &foris
1430 1835 1445 1856 ,
1463 1798 1867 1868 fignatumfigillis
1878 1800 2072 1867 septem?

1103 1873 1307 1936 Antiqui
1331 1871 1484 1917 Patres
1511 1872 1555 1916 in
1579 1867 1825 1937 pingendis
1844 1866 2003 1935 figuris
2019 1881 2073 1915 ut

1104 1936 1365 2009 plurimum
1398 1936 1462 1985 ufi
1494 1937 1600 1986 sunt
1627 1936 1841 2004 mysticis
1870 1936 2075 1987 sensibus

1106 2014 1150 2057 in
1172 2005 1468 2077 Apocalypsi
1486 2007 1744 2058 latentibus
1758 2044 1773 2065 ,
1801 2021 1853 2054 ut
1873 2005 1990 2055 infra
2006 2010 2076 2056 vi-

1104 2081 1203 2129 deri
1234 2081 1409 2147 poter-it
1437 2080 1482 2125 in
1512 2075 1714 2127 Ecclesia
1748 2080 1791 2124 S.
1816 2078 1946 2124 Pauli
1973 2112 1990 2135 ,
2027 2079 2077 2127 ὅ(

1106 2149 1338 2220 praecipue
1366 2151 1411 2195 in
1434 2153 1531 2212 ejus
1548 2149 1713 2210 majori
1733 2165 1843 2194 arcu
1859 2184 1874 2204 ‚
1893 2162 2077 2214 tempo-

1108 2239 1155 2269 re
1176 2221 1343 2268 Leonis
1359 2221 1526 2287 Magni
1545 2217 1887 2277 confirmem&
1910 2220 1955 2264 in
1975 2219 2078 2265 aliis

1109 2287 1322 2339 Ecclefiis
1343 2291 1390 2336 in
1408 2289 1562 2338 nostro
1581 2306 1722 2356 opere
1742 2285 2076 2336 describendis.

1178 2362 1349 2409 Tertio
1375 2359 1481 2407 loco
1515 2361 1735 2408 velamen
1762 2395 1776 2416 ‚
1816 2359 1865 2407 δε
1900 2359 1945 2404 in
1982 2363 2079 2421 ejus

1111 2433 1270 2481 medio
1311 2431 1499 2497 depi&a
1533 2433 1666 2479 Crux
1693 2466 1708 2487 ,
1746 2427 1971 2496 supraque
1998 2446 2080 2477 ve-

1110 2504 1207 2550 lum
1248 2503 1488 2569 gemmata
1529 2519 1701 2549 corona
1737 2499 1944 2547 notanda
1983 2497 2048 2546 est
2067 2535 2078 2545 .

1110 2575 1210 2641 Ego
1247 2570 1442 2638 quidem
1469 2568 1659 2620 asserere
1700 2588 1792 2617 non
1827 2566 2079 2616 dubitave-

1114 2646 1237 2700 rim,
1274 2642 1517 2691 velamine
1549 2645 1705 2690 Cruce
1739 2636 1957 2705 insignito
1988 2641 2083 2706 pri-

1113 2712 1210 2762 scos
1229 2712 1411 2760 Fideles
1443 2715 1606 2762 velum
1627 2710 1747 2758 illud
1770 2711 1963 2757 innuere
1996 2728 2083 2757 vo·

1115 2779 1245 2838 luisse
1265 2818 1280 2839 ,
1296 2779 1388 2848 quo
1414 2785 1579 2831 Cassi
1597 2795 1643 2823 vs
1667 2781 1902 2827 Dominus
1933 2778 2086 2828 noster

1115 2855 1174 2907 ad
1201 2851 1546 2920 detergendum
1569 2848 1790 2898 sudorem
1811 2848 1898 2896 suae
1920 2847 2086 2916 paffio-

1118 2927 1185 2976 nis
1203 2938 1420 2990 tempore
1438 2920 1541 2968 usus
1558 2919 1652 2978 est,
1683 2921 1812 2986 quod
1837 2921 2084 2969 Veronicae

1117 2996 1319 3046 dicitur:
1350 2991 1540 3041 Corona
1561 2990 1679 3039 vero
1699 3005 1962 3059 gemmata,
1988 2991 2084 3035 Co-

1119 3081 1283 3117 ronam
1303 3064 1327 3111 ὲ
1349 3060 1490 3129 spinis
1518 3079 1617 3127 quae
1636 3060 1844 3125 ejusdem
1867 3054 2084 3104 13ηὲὶῦἰῖ-

1119 3153 1253 3186 mum
1278 3146 1419 3200 caput
1441 3130 1672 3179 transfixit
1687 3167 1703 3186 ,
1733 3125 1948 3176 indicasse
1968 3163 1977 3172 .

1189 3209 1374 3272 Qarto
1406 3203 1510 3250 loco
1535 3212 1773 3269 gemmata
1791 3201 1955 3252 Crux,
1985 3215 2086 3263 quae

1117 3296 1227 3327 cum
1245 3272 1531 3341 supplicium
1548 3267 1657 3317 ciset
1675 3266 1799 3334 apud
1816 3281 2004 3334 gentes,
2033 3285 2084 3314 ac

1619 3340 1697 3385 CC
2019 3340 2084 3386 rei
