2425 3747
722 229 1227 283 CAPUT
1327 225 1522 279 XVII.

2016 248 2110 294 147

124 305 387 357 Praesertim
405 302 513 353 cum
532 297 757 350 acceffum
776 299 835 348 ad
849 304 1092 350 Coemete·
1148 301 1214 347 ita
1232 300 1480 365 laevigatur
1498 333 1514 354 ,
1551 307 1690 360 atque
1710 305 2018 355 attenuatur,
2055 315 2109 347 ut

123 380 224 435 ria,
253 375 547 445 prohibitum
576 370 633 419 ab
659 371 760 418 aliis
790 372 1093 438 Imperatori-

1144 370 1372 418 concinna
1394 365 1638 434 respiratio
1663 363 1793 431 sequi
1822 381 1916 411 non
1938 365 2076 431 poffit
2094 393 2110 430 3

119 446 205 495 bus
219 484 233 504 ,
253 442 523 510 ultimisque
544 440 783 508 suppliciis
799 443 1089 499 coercitum,
1141 443 1190 490 ὃς
1211 435 1445 487 crescente
1464 451 1564 485 tam
1581 437 1823 483 lummum
1838 469 1855 490 ,
1876 438 2020 500 quam
2038 439 2109 485 in-

119 516 282 566 nostris
302 515 547 564 Gallienus
579 509 858 560 indulserit?
880 512 992 559 Alia
1011 510 1087 558 de·-

120 600 247 635 creta
263 598 429 654 praeter
450 583 646 629 allatum
664 580 816 629 edidit
830 618 845 638 ,
875 596 927 629 ut
947 580 1084 628 Euse-

120 656 222 705 bius
253 667 408 702 narrat
436 651 606 700 eodem
631 670 730 719 cap.
763 652 810 697 in
839 649 958 700 fine:
997 649 1083 700 Εῐῖ

117 726 377 791 (inquityb’
394 725 483 771 alta
501 721 683 789 ejusdem
700 720 970 786 Imperatoris
986 739 1081 769 con-

116 797 291 845 stitutio
308 829 323 850 ,
361 810 439 861 qun
463 793 681 860 Episcopis
689 796 911 857 permittit
927 795 1080 844 Coeme-

117 870 318 915 teriorufn
335 868 507 935 sitorum
537 866 626 912 loca
647 879 914 929 recuperare:
951 862 1081 909 adire

114 933 294 983 scilicet
323 970 338 991 ,
375 936 425 984 ὅτ,
457 930 754 999 frequentare
781 969 796 990 ‚
836 933 962 1000 quod
996 928 1080 978 sub

113 1006 319 1053 aliorum
345 1005 555 1073 Imperio
582 1005 773 1052 omnino
792 1005 856 1053 eis
873 1003 1083 1052 vetitum

45 1086 49 1089 '
115 1073 272 1124 fuerat
289 1112 298 1122 .

183 1145 327 1196 Adde
351 1144 478 1213 quod
505 1141 789 1210 impoffibile
811 1143 1081 1194 existiman-

113 1215 233 1264 dum
251 1215 315 1264 est
331 1251 347 1272 ,
375 1218 423 1263 in
451 1210 574 1262 hisce
592 1212 781 1263 latebris
795 1249 811 1271 ,
837 1218 1081 1273 Coemete-

108 1283 283 1351 riisque
312 1285 533 1332 Ethnicos
557 1280 780 1332 habitasse
801 1319 817 1340 ‚
853 1281 962 1331 cum
988 1285 1078 1330 ini·

112 1352 159 1401 bi
194 1371 379 1402 moram
403 1354 480 1402 vel
515 1351 710 1402 brevem
736 1356 922 1402 trahere
952 1353 1079 1403 haud

1138 509 1461 578 gredientium
1479 507 1729 554 hominum
1748 503 1886 572 copizi
1901 540 1917 562 ,
1943 505 2107 556 durio-

1136 583 1177 627 ri
1197 579 1425 634 anhelitu,
1444 574 1750 643 suspirioque,
1770 571 1898 641 quod
1916 576 2112 627 Aft'hma

1136 661 1338 705 vocant,
1370 647 1559 714 peciora
1589 646 1953 695 concutiantur:
1991 665 2108 714 qua-

1137 731 1332 789 propter
1361 718 1410 763 in
1429 716 1737 765 Coemeteriis
1771 715 2108 782 perlustrandis

1133 794 1160 840 ὲ
1193 789 1404 856 plurium
1434 782 1697 834 facularum
1723 784 1808 832 usu
1825 785 1997 835 curiofi
2025 786 2104 836 ab·

1134 858 1306 908 stinent
1321 894 1332 904 .
1358 859 1578 905 Mentem
1603 852 1730 902 subit
1751 853 1828 902 hic
1847 874 2105 925 peroppor-

1136 943 1249 977 tuna
1274 926 1535 978 eorundem
1558 928 1780 976 locorum
1812 925 2070 994 descriptio
2089 965 2105 986 ,

1137 1018 1279 1066 quam
1297 1002 1340 1046 S.
1357 999 1695 1064 Hieronymus
1714 996 1762 1042 in
1780 995 2001 1046 Ezechiel
2020 1018 2102 1063 40.

1137 1070 1199 1119 fic
1222 1070 1396 1118 tradit:
1433 1068 1551 1118 Dum
1571 1068 1690 1136 ffm
1716 1065 1858 1117 Romae
1873 1086 2008 1133 puer,
2045 1076 2100 1118 <9⁴

1136 1140 1387 1191 liberalibus
1403 1140 1571 1188 {indiis
1588 1139 1779 1188 erudirer
1789 1172 1804 1192 ‚
1803 1138 1995 1204 solebam
2011 1158 2104 1187 cum

1135 1217 1293 1262 caeteris
1308 1210 1491 1277 ejusdem
1508 1213 1645 1258 aetatis
1659 1242 1674 1264 ,
1702 1208 1970 1275 &propostti
1980 1244 1997 1265 ,
2011 1209 2106 1257 die-

1132 1282 1210 1332 bus
1242 1283 1491 1332 Dominicis
1509 1279 1737 1347 fipulcbra
1764 1277 2066 1342 Apostolorum
2083 1314 2099 1335 ,

1132 1356 1188 1403 Θ
1202 1351 1455 1420 Martyrum
1476 1352 1653 1397 circuire
1668 1369 1681 1407 ;
1706 1346 1925 1414 crebroque
1939 1362 2108 1415 cryptas

109 1424 275 1483 liceat,
295 1422 460 1474 diebus
476 1426 708 1492 praecipue*
724 1421 1079 1482 fervidioribus,
1132 1423 1330 1492 ingredi,
1364 1438 1447 1488 quae
1469 1423 1517 1468 in
1548 1435 1760 1468 terrarum
1782 1416 2001 1485 profunda
2029 1418 2106 1465 de-

108 1496 268 1562 quales
295 1496 481 1564 longior
517 1496 564 1541 in
600 1493 733 1547 Urbe
762 1493 884 1544 aestas
907 1493 1049 1544 habet
1066 1530 1076 1541 .
1118 1492 1270 1564 ftffi'
1307 1513 1360 1542 ex
1379 1507 1553 1557 utraque
1579 1505 1701 1554 parte
1729 1489 2105 1556 ingredientimm

108 1567 304 1634 Qip'pe
337 1565 669 1632 experimento
701 1563 953 1633 probatum
982 1565 1079 1624 est,
1124 1581 1202 1632 per
1223 1569 1410 1631 parietes
1435 1559 1592 1609 habent
1623 1574 1791 1626 corpora
1810 1561 2108 1628 fipultorum3

110 1636 383 1684 robustioris
403 1637 548 1684 etiam
568 1649 744 1683 naturae
761 1636 972 1685 homines
994 1636 1077 1685 ho-

109 1722 170 1754 1·ae
202 1708 338 1755 unius
366 1721 550 1752 moram
577 1707 854 1752 continuam
883 1707 931 1751 in
959 1708 1075 1753 Coe·

110 1778 348 1834 meteriis,
365 1793 465 1841 quae
487 1774 634 1821 etiam
651 1773 794 1824 hodie
815 1773 1078 1831 adeuntur,

108 1848 300 1914 explere
337 1843 508 1910 abl'clue
538 1844 637 1892 ullo
669 1843 951 1892 morborum
978 1878 995 1900 ,
1029 1845 1080 1895 &-

108 1914 271 1984 saepius
305 1913 554 1963 lethalium
584 1915 827 1980 periculo,
852 1911 936 1960 sub
962 1911 1081 1960 aesta-

32 1998 35 2000 ’
109 2000 209 2035 tem
227 2003 320 2033 non
343 1978 489 2052 poffe.
524 1983 628 2031 Nec
658 1985 864 2041 mirum,
894 1998 1005 2030 nam
1027 1984 1078 2032 ὃς

111 2074 201 2124 ego
230 2057 241 2101 i
281 2054 324 2103 se
351 2050 508 2102 aestivo
528 2065 744 2120 tempore
775 2055 890 2102 illuc
917 2053 1077 2103 olim-2

109 2128 260 2195 ingrel
281 2143 331 2172 us
345 2160 361 2182 ,
381 2138 478 2171 tam
499 2125 749 2191 repentino
769 2160 785 2182 ,
813 2124 1079 2190 intimoque

107 2193 285 2264 frigore
308 2193 496 2262 obrigui
517 2230 533 2251 ,
563 2207 617 2241 ut
634 2193 851 2243 recedere
881 2192 1079 2244 statim-⁴

109 2266 297 2315 coaetus
332 2264 443 2312 sim.
487 2267 613 2332 Saepe
650 2265 780 2313 enim
809 2263 982 2312 accidit
1008 2267 1081 2312 in-

107 2333 432 2403 gredientibus
471 2337 760 2384 Coemeteria
788 2369 804 2391 ,
843 2347 895 2380 ut
928 2333 1080 2401 gradu

108 2406 231 2455 facto
260 2404 316 2453 ab
343 2421 446 2453 aere
478 2403 690 2453 liberiori
716 2402 965 2470 calidoque
993 2406 1080 2454 in..-

106 2473 436 2543 frigescentem
473 2477 527 2523 iis
557 2473 768 2523 latibulis
793 2473 1047 2524 clausum-³
1064 2512 1081 2535 ,

108 2546 288 2595 hiantes
312 2545 336 2595 ὲ
356 2543 580 2594 consueto
600 2547 755 2595 calore
777 2546 908 2614 pori,
931 2542 1075 2615 frigo-

107 2634 159 2665 re
188 2629 287 2664 tam
306 2615 641 2682 intempestivo
665 2614 988 2684 obstipentur‚
1024 2636 1075 2665 ac

109 2687 310 2754 proinde
323 2685 598 2734 raucedines
609 2719 626 2742 ,
644 2686 948 2753 pleuritides,
966 2688 1076 2736 alia⁴

108 2774 199 2823 que
218 2754 495 2807 morborum
514 2773 686 2824 genera
712 2757 1073 2806 contrahantur.

109 2827 338 2876 Praeterea
364 2826 478 2893 quid
505 2829 553 2873 in
587 2824 897 2876 subterraneis
924 2826 1077 2878 hisce..

111 2899 337 2946 cuniculis
373 2896 431 2945 de
466 2893 726 2964 respirandi
761 2895 1077 2948 difficultate,

110 2967 376 3034 putandum
395 3002 411 3025 ‚
447 2966 507 3015 ob
537 2985 693 3017 aerem
727 2970 1076 3036 interceptum?

111 3039 316 3086 Certum
342 3035 519 3086 scilicet
535 3036 760 3087 diuturna
776 3037 1073 3106 experientia

111 3102 288 3156 fastum
309 3106 403 3167 est,
429 3105 556 3173 quod
574 3103 609 3154 fi
627 3109 771 3175 aliqui
789 3110 1073 3159 catervatim

110 3173 308 3226 subeant
328 3177 649 3244 Coerneteria‚
675 3196 879 3244 quorum
902 3175 1074 3247 singuli

113 3246 191 3298 vel
215 3247 424 3316 plerique
452 3246 961 3316 faculamvpraeferant,
993 3267 1075 3302 aer

183 3311 330 3369 Par-I.

1133 1647 1187 1687 Θ·
1213 1642 1277 1685 ito
1299 1633 1468 1701 obfiura
1478 1633 1588 1699 sunt
1610 1636 1752 1681 omnia
1768 1664 1784 1685 ,
1822 1647 1869 1679 ut
1883 1645 2106 1696 propemo-

1131 1709 1232 1756 ditm
1257 1704 1375 1753 illud
1392 1702 1688 1764 Propheticnm
1716 1702 1993 1763 compleatur:
2027 1698 2106 1747 de-

1132 1773 1361 1824 scendunt
1399 1771 1447 1817 in
1482 1765 1719 1818 infernum
1756 1770 2011 1818 viventes:
2049 1774 2106 1818 Φ·

1132 1852 1229 1896 νᾶνὸ
1254 1845 1424 1910 defitper
1449 1841 1589 1889 lumen
1610 1839 1833 1909 admfftm
1850 1841 2106 1888 horrorenas'

1134 1929 1338 1980 temperat
1362 1908 1627 1959 tenebrarum
1643 1943 1659 1965 ,
1686 1927 1733 1958 ut
1765 1927 1847 1956 non
1870 1926 1959 1958 tam
1976 1907 2104 1976 fine-

1133 1987 1272 2035 §tram
1301 2017 1317 2039 ,
1353 1984 1476 2048 qudm
1498 1978 1699 2049 foramen
1733 1979 1902 2047 demff
1924 1982 2104 2028 luminis

1124 2071 1275 2122 putes:
1300 2051 1543 2118 rurfitmque
1563 2051 1827 2115 pedetentim
1853 2050 2067 2097 acceditur
2084 2082 2099 2104 ‚

1133 2130 1188 2176 (Τ
1205 2141 1303 2175 caeca
1323 2120 1441 2169 noble
1462 2121 1739 2170 circumdatis
1754 2155 1771 2178 ,
1808 2119 1926 2170 illud
1952 2119 2104 2188 Virgi-

1134 2199 1298 2246 liamtm
1324 2195 1597 2258 proponitur:

1273 2264 1434 2316 Horror
1455 2260 1606 2327 ubique
1633 2263 1795 2309 animos
1811 2293 1827 2316 ,
1852 2258 1988 2327 fimul
2008 2258 2105 2326 ipfiz

1331 2334 1517 2402 filentia
1536 2348 1700 2380 terrent
1716 2365 1727 2376 .

1202 2402 1533 2472 Qamobrem
1565 2403 1667 2467 quis
1700 2401 1748 2447 in
1784 2396 1906 2447 hisce
1937 2398 2104 2446 mortis

1134 2479 1225 2531 (ut
1248 2479 1312 2522 ita
1335 2473 1489 2522 dicam
1508 2481 1530 2535 )
1564 2468 1884 2539 penetralibus
1902 2462 2103 2537 degisse:

1128 2544 1387 2596 crediderit
1407 2543 1659 2592 hominum
1675 2558 1842 2610 genus,
1859 2536 1978 2588 ficut
1993 2537 2101 2584 Eth-

1129 2618 1222 2665 nici
1258 2612 1391 2665 fuere
1417 2650 1433 2672 ,
1475 2612 1659 2662 divitiis
1692 2607 1897 2659 affluens
1921 2643 1938 2665 ,
1981 2607 2098 2656 deli-

1129 2684 1306 2754 ciisque
1344 2703 1396 2733 ac
1425 2684 1562 2732 luxui
1600 2681 1815 2750 apprime
1847 2678 2101 2728 deditum?

1130 2758 1239 2809 Im&
1258 2773 1344 2805 nec
1363 2750 1444 2822 ipsi
1467 2750 1641 2804 Christi
1657 2751 1842 2800 Fideles
1854 2786 1870 2809 ‚
1886 2749 2000 2798 licet
2016 2765 2099 2797 nc-

1125 2827 1332 2896 gleRam
1347 2861 1362 2884 ,
1380 2838 1521 2891 atque
1537 2822 1684 2872 oculis
1701 2822 1965 2889 impiorum
1988 2836 2098 2867 exo-

1128 2898 1225 2945 sam
1253 2899 1406 2945 vitam
1433 2893 1766 2950 traducerent,
1798 2892 1849 2941 &
1878 2907 1960 2958 per
1979 2887 2099 2935 sum-

1128 2986 1258 3016 mam
1274 2966 1499 3031 injuriam
1525 2963 1621 3012 lare
1639 2997 1656 3020 ,
1689 2962 1824 3011 testis
1839 2996 1856 3020 ,
1880 2962 1930 3011 &
1959 2955 2096 3010 Urbe

1126 3041 1439 3102 ejicerentur,
1471 3031 1657 3083 diutina
1683 3031 1972 3082 habitatione
2001 3043 2094 3074 ea-d

1126 3110 1230 3158 loca
1256 3105 1484 3156 videntur
1509 3098 1742 3163 tenuiffe3
1774 3099 1921 3148 immo
1944 3097 2095 3161 neque}

1125 3181 1175 3227 in
1195 3181 1250 3226 iis
1267 3176 1391 3225 sacra
1416 3176 1580 3223 munia
1599 3170 1831 3241 perpetuo
1856 3162 2092 3215 exercuis-

1124 3247 1198 3312 se,
1225 3248 1377 3317 nequ&
1396 3247 1512 3294 illuc
1529 3244 1587 3291 ad
1605 3238 1836 3290 orandum
1850 3272 1867 3294 ,
1890 3234 2090 3305 psallen-

1545 3312 1592 3359 T
1634 3327 1660 3357 2
1945 3304 2097 3367 dum,
