2425 3747
767 273 1268 333 CAPUT
1369 271 1467 326 ΙΙ.

106 355 248 404 minit
267 353 310 400 S.
333 349 610 402 Ambrofius
637 349 719 400 Ad
739 353 861 418 Virg.
877 350 1070 417 lapsam*

106 444 205 492 cap.
222 432 271 475 6.
301 423 456 474 Nonne
483 424 595 484 (ait)
621 424 838 471 velillum
852 421 985 469 locam
1001 437 1070 468 ta-

102 496 218 545 bulis
223 497 468 564 fiparatum
482 528 498 549 ,
532 497 581 540 in
602 512 678 558 quo
710 497 757 540 in
774 491 957 558 Ecclesta
976 494 1069 543 fia-

101 566 180 615 bas
205 601 221 622 ,
246 565 457 614 recordari
484 562 677 613 debuisti
702 598 717 619 ‚
742 564 802 610 ad
826 581 943 630 quem
969 565 1071 612 reli-

98 638 224 707 giofie
241 634 456 685 Matronae
469 669 484 691 ,
515 636 568 682 &²
583 633 745 683 nobiles
765 638 960 682 certatim
978 652 1071 682 cur-

104 706 252 755 rebant
268 741 284 761 ,
316 722 391 755 tua
407 705 541 772 ofiula
565 719 757 770 petentes
773 743 788 764 ‚
824 710 946 771 quar&
962 706 1072 773 fitn-

103 776 257 825 Hioris
279 778 334 824 (Ὺ
350 776 568 844 dignioris
586 777 676 824 &a

175 847 206 894 l.
247 844 553 895 Demonstrat
576 845 751 892 lineam
766 880 781 901 ,
819 862 919 911 quae
938 844 964 891 a
979 838 1076 908 sep-

106 928 205 962 tem
234 915 516 964 Cereostatis
543 916 590 960 in
612 916 888 981 pavimento
919 909 1079 980 positis

104 983 399 1033 formabatur
417 1021 433 1042 ,
463 984 520 1032 ab
536 983 714 1032 Austro
733 987 781 1032 in
796 982 1076 1052 septentrio-

104 1073 242 1110 nem,
270 1053 427 1102 statim
457 1069 600 1121 atque
626 1054 883 1103 canebatur
898 1052 1079 1121 Kyrie.»

102 1125 279 1193 Eleison
300 1160 316 1181 ,
355 1127 534 1176 Christe
549 1126 721 1193 Eleisbn
735 1161 746 1170 .

29 1221 34 1227 ⁴
203 1213 258 1242 m.
302 1195 500 1244 Lineam
529 1197 674 1242 aliam
703 1193 935 1250 ostendit,
964 1195 991 1242 a
1018 1191 1084 1241 se-

107 1264 525 1331 ptemCereostatis
540 1262 770 1312 similibus
784 1261 1087 1330 descriptam,

96 1336 255 1401 >priori
289 1333 348 1382 ad
385 1335 535 1383 rectos
571 1335 768 1402 angulos
806 1332 1084 1383 incumben-

106 1418 235 1460 tem,
268 1404 334 1451 ita
362 1418 416 1451 ut
438 1405 503 1453 hae
534 1405 666 1453 lineae
692 1402 968 1454 seinvicem
1001 1403 1083 1453 de-

105 1470 347 1530 cussanteS,
362 1477 529 1523 Crucis
545 1473 748 1544 figuram
765 1477 1084 1525 imitarentur.

107 1543 508 1592 Accendebantur
542 1546 777 1613 postrema
817 1546 911 1594 haec
947 1547 1085 1593 lumi-

109 1616 237 1661 naria
253 1650 269 1672 ,
302 1633 357 1663 ex
379 1617 585 1665 Oriente
611 1617 659 1664 in
683 1617 1003 1667 Occidentem
1018 1616 1087 1664 di-

106 1681 278 1752 sposita
292 1720 307 1741 ,
333 1683 432 1752 post
453 1687 700 1734 recitatam
721 1687 1057 1734 collectionem
1074 1722 1085 1732 .

182 1755 257 1806 Ut
272 1769 432 1803 autem
449 1757 611 1803 omnia
626 1792 642 1813 ‚
671 1755 829 1822 quoad
857 1754 958 1804 fieri
979 1753 1085 1822 pos-

108 1821 167 1871 fit
181 1859 196 1880 ,
213 1826 360 1891 magis
377 1823 617 1892 perspicue
634 1827 967 1893 intelligantur
980 1861 996 1882 ‚
1012 1842 1090 1873 ex-

107 1892 251 1942 hibeo
290 1894 699 1964 Orthographiam
730 1895 913 1950 Chori,
941 1896 1013 1940 uti
1042 1896 1091 1940 in

113 1961 234 2010 Tab.
253 1967 373 2015 XII.
392 1966 478 2032 Fig
497 1984 558 2012 .1.
586 1962 684 2012 Hic
709 1963 1092 2013 animadverten-

111 2032 228 2081 dum
240 2033 606 2100 elt,Figurarum
621 2032 882 2083 Incisorem
898 2036 1093 2082 illarum

113 2100 386 2172 pervertisse
418 2103 668 2163 ordinem,
704 2124 817 2172 quas
848 2103 882 2153 fi
918 2105 1093 2154 Lector

112 2175 245 2238 juxta
259 2175 510 2240 proprium
527 2172 670 2222 fitum
686 2178 933 2242 concipere
951 2177 1090 2232 velit,

110 2256 305 2311 oportet
323 2257 375 2291 ut
392 2246 617 2312 paginam
637 2244 904 2313 impressam
919 2282 934 2303 ,
956 2245 1090 2295 versa

114 2315 241 2362 illius
253 2310 373 2363 facie
392 2315 451 2362 ad
468 2316 633 2363 lumen
651 2352 666 2373 ‚
685 2318 710 2364 ἓι
728 2329 861 2383 tergo
879 2313 1088 2383 aspiciat.

185 2387 248 2432 A.
289 2383 367 2432 Est
396 2386 566 2436 Altare
594 2391 745 2449 majus
774 2384 858 2433 sub
888 2385 1091 2435 Ciborio

114 2468 318 2522 quatuor
341 2457 574 2506 columnis
601 2452 796 2505 suffulto
818 2492 828 2502 .
862 2458 994 2510 Utor
1011 2476 1092 2505 au-

116 2539 216 2573 tem
255 2525 340 2572 hac
377 2544 496 2575 voce
529 2525 720 2577 Ciborii
761 2543 988 2593 tanquam
1017 2546 1098 2577 ex-

116 2592 347 2664 preffiva,
385 2614 484 2662 quae
513 2598 624 2645 licet
653 2599 829 2645 multas
861 2594 1094 2666 fignifica-

116 2668 268 2714 tiones
294 2663 537 2725 obtineat,
569 2681 623 2715 ut
649 2668 815 2717 videre
843 2667 909 2716 est
929 2666 1096 2736 paffim

119 2737 244 2804 apud
257 2737 663 2806 Lexicograpl1035
676 2752 886 2788 attamen
903 2741 950 2786 in
970 2739 1095 2789 libro

117 2803 383 2855 Pontificali
415 2820 513 2855 tam
549 2812 600 2856 in
628 2811 797 2876 Magni
830 2812 1094 2879 Gregorii,

117 2879 261 2944 quam
276 2878 325 2923 in
341 2877 545 2927 aliorum
559 2878 845 2930 Pontificum
864 2882 977 2929 vitis
990 2917 1006 2938 ,
1035 2881 1095 2929 ad

119 2961 342 3015 tegumen
358 2948 515 2996 altaris
530 2947 892 3019 significandum
906 2949 1000 2999 fuit
1014 2952 1096 3000 ad-

121 3016 299 3066 hibita:
325 3015 386 3065 fic
402 3021 531 3067 enim
555 3021 603 3067 in
628 3018 767 3088 ipfius
783 3024 1008 3089 Gregorii
1027 3024 1096 3071 vi-

122 3084 169 3132 ta
189 3088 585 3138 Bibliothecarius
612 3093 701 3139 ait:
733 3092 942 3161 Hicfi‘cit
960 3095 1090 3146 Cibo-

124 3160 233 3204 rium
249 3159 302 3208 B.
319 3161 446 3211 Petro
461 3161 669 3227 Apoft'olo
684 3182 774 3211 cum
788 3167 993 3215 columnis
996 3167 1094 3235 fitis

123 3242 297 3294 quatuor
322 3250 375 3278 ex
393 3249 566 3300 argento
571 3247 678 3298 puro
696 3269 707 3279 .

193 3299 244 3417 113)-
272 3297 349 3415 Es}
369 3300 498 3351 locus
514 3301 596 3353 sub
613 3305 784 3366 altari,
801 3307 847 3354 in
866 3325 961 3374 quo
981 3307 1091 3355 San-

124 3398 129 3401 ·
230 3382 300 3416 iar.
344 3402 356 3414 .

2042 291 2102 333 19

1123 348 1313 398 <storum
1337 361 1536 413 corpora
1556 341 1663 391 sunt
1683 340 1926 390 recondita
1945 377 1955 387 .
1988 343 2097 390 Par-

1124 420 1239 467 vula
1255 415 1457 465 anterius
1472 412 1666 463 fenestra
1683 414 1924 480 prominet
1936 447 1952 468 ,
1980 414 2103 461 intus

1124 488 1240 537 vero
1265 488 1471 553 eleganti
1499 484 1908 533 concameratione
1932 483 2103 530 cellula

1126 557 1190 607 est
1205 559 1411 607 excitata
1425 592 1440 613 ,
1457 557 1504 601 in
1520 572 1611 621 qua
1628 554 1884 621 lampades,
1900 553 1949 601 ὃς
1964 553 2105 599 lumi-

1127 648 1185 676 na
1202 626 1395 676 accendi
1411 624 1564 674 solent
1594 628 1640 671 in
1661 625 1892 672 honorem
1911 622 2106 671 Sancto-

1130 716 1236 746 rum
1265 696 1331 745 ibi
1355 694 1726 762 quiescentium.
1768 693 1848 742 Ab
1874 692 2110 759 aliquibus

1131 766 1446 835 Scriptoribus
1461 767 1591 813 locus
1610 763 1690 812 iste
1709 760 1949 812 Confeffio
1966 764 2110 811 deno⁶

1131 841 1341 886 minatur
1354 872 1369 893 ,
1392 850 1445 883 ut
1462 837 1583 883 inter
1601 836 1716 882 alios
1736 833 1937 882 ostendit
1954 830 2108 882 neces-

1131 907 1335 957 situdine
1368 907 1487 954 mihi
1516 904 1655 953 valde
1684 904 1964 966 conjunctus
1993 904 2111 951 Illu-

1132 978 1267 1027 striss.
1292 980 1342 1028 &
1358 981 1593 1025 Reveren.
1611 979 1672 1022 D.
1692 975 1907 1042 Angelus
1925 973 1983 1022 de
1999 974 2109 1020 Nu-

1133 1068 1185 1098 ce
1202 1085 1218 1106 ,
1238 1050 1356 1097 olim
1374 1044 1772 1112 Archiepiscopus
1790 1040 2080 1092 Roffanenfis
2095 1077 2112 1098 ,

1137 1122 1186 1167 in
1205 1116 1294 1167 suis
1314 1112 1642 1167 eruditiffimis
1661 1114 1805 1160 Notis
1830 1112 1889 1160 ad
1909 1113 2114 1160 Chroni-

1139 1208 1229 1240 con
1246 1183 1497 1239 Casinense
1513 1183 1597 1232 sub
1614 1202 1694 1231 nu.
1718 1188 1743 1232 8
1755 1199 1779 1243 5
1791 1197 1834 1240 3.
1853 1185 1957 1230 Nec
1976 1185 2117 1229 omit-

1139 1259 1340 1311 tendum
1362 1294 1378 1316 ,
1415 1255 1670 1323 aliquando
1700 1255 1893 1302 nomine
1922 1249 2118 1301 Confes-

1138 1331 1278 1381 fionis
1294 1329 1497 1396 intelligi
1514 1328 1675 1375 locum
1688 1361 1703 1382 ,
1720 1326 1770 1371 in
1786 1341 1881 1390 quo
1897 1322 2120 1372 Sacerdos

1140 1399 1346 1452 consistit
1361 1412 1468 1448 ante
1484 1393 1633 1446 Missae
1659 1396 1915 1443 introitum
1928 1428 1944 1450 ,
1965 1407 2019 1440 ut
2034 1411 2119 1440 no-

1140 1487 1210 1521 tat
1236 1471 1402 1520 Bellet.
1433 1470 1503 1519 De
1529 1469 1683 1519 divin.
1704 1465 1779 1537 off?
1806 1483 1905 1532 cap.
1927 1478 2005 1520 33.
2037 1464 2119 1529 qui

1139 1546 1228 1592 ait:
1257 1542 1343 1592 ΕΗ
1374 1544 1485 1590 locus
1513 1545 1562 1589 in
1597 1541 1749 1603 templo
1766 1572 1782 1593 ,
1815 1535 1891 1584 ubi
1916 1533 2119 1583 Sacerdos

1131 1615 1381 1683 priusqttsim
1410 1628 1551 1660 cantet
1571 1609 1756 1678 Mfflm
1779 1642 1794 1663 ,
1831 1603 2121 1673 confiffionem

1130 1689 1391 1752 pronunciat
1407 1719 1416 1728 .
1446 1685 1586 1731 Hanc
1607 1680 1891 1748 opinionem
1911 1676 2122 1740 sequitur

1141 1753 1396 1802 Goldastus
1420 1754 1467 1797 in
1483 1753 1625 1797 Notis
1642 1747 1701 1796 ad
1721 1765 1759 1793 c.
1776 1765 1826 1804 9.
1845 1744 1928 1793 lib.
1954 1764 1993 1792 1.
2013 1746 2121 1795 Ale-

1143 1827 1433 1871 mannicarum
1463 1837 1631 1868 rerum.
1673 1820 1777 1865 Nec
1808 1816 2065 1882 incongrue
2097 1817 2123 1863 a

1145 1891 1412 1940 Sacerdotis
1431 1885 1717 1937 confessione
1736 1885 2123 1934 Conditor-ium

1146 1964 1235 2011 hoc
1264 1961 1544 2010 Sanctorum
1564 1973 1822 2025 corporum
1837 1991 1854 2013 ‚
1881 1952 1966 2002 sub
1988 1956 2126 2002 altari

1148 2031 1309 2089 situm,
1326 2049 1502 2080 nomen
1519 2023 1793 2095 desumpsit.
1813 2030 1869 2074 In
1886 2026 1977 2073 illis
1997 2026 2127 2073 enim

1146 2100 1392 2160 Ecclefiis,
1422 2101 1504 2150 ubi
1527 2101 1619 2148 tale
1641 2098 1989 2149 Conditorium
2006 2113 2124 2143 con-

1144 2173 1374 2223 structum
1401 2171 1494 2229 est,
1523 2172 1652 2219 locus
1667 2205 1683 2227 ,
1717 2170 1766 2214 in
1783 2185 1877 2234 quo
1903 2165 2127 2215 Sacerdos

1146 2247 1314 2294 recitat
1335 2239 1669 2292 confeffionem
1683 2276 1698 2297 ,
1726 2239 1907 2287 cellulae
1924 2236 2124 2284 eidem-2

1145 2316 1372 2363 imminet
1386 2350 1402 2371 ‚
1431 2330 1572 2379 quam
1600 2310 1848 2379 propterea
1863 2303 2129 2357 Confeffio-

1145 2402 1257 2434 nem
1279 2383 1580 2451 appellarunt
1599 2417 1609 2427 .

1218 2459 1276 2505 C.
1307 2457 1505 2521 Septum
1527 2445 2003 2512 marmoreum,quod
2021 2448 2127 2496 Pree

1147 2526 1424 2593 sbyterium
1443 2522 1626 2570 claudit
1644 2557 1654 2566 .

1220 2600 1280 2644 D.
1322 2592 1540 2662 Lapideae
1562 2606 1654 2640 tres
1671 2586 1879 2639 fenestrae
1896 2624 1911 2644 ,
1935 2588 2047 2636 retis
2067 2585 2126 2634 ad

1148 2664 1291 2714 instar
1312 2664 1559 2734 perforatae
1573 2699 1588 2720 ,
1619 2680 1718 2727 quae
1741 2657 2024 2708 Transennae
2051 2655 2125 2704 di-

1149 2736 1377 2786 cebantur
1404 2757 1415 2784 :
1454 2733 1578 2782 unde
1609 2733 1801 2780 illarum
1833 2727 2126 2778 observatio-

1147 2826 1206 2857 ne
1236 2809 1400 2875 ingens
1420 2799 1741 2853 controversia
1770 2802 1892 2848 circa
1911 2816 2123 2847 vocem-³

1154 2878 1410 2947 Tranfi’nnae
1435 2878 1557 2923 inter
1587 2871 1796 2922 eruditos
1828 2877 1926 2934 jam
1945 2871 2122 2920 excita-

1150 2963 1198 2997 ta
1213 2987 1229 3010 ,
1245 2946 1442 3000 omnino
1461 2940 1584 3014 posse
1613 2941 1734 2991 solvi
1764 2943 1882 2990 mihi
1900 2938 2094 2988 videtur
2109 2972 2120 2982 .

1149 3023 1282 3069 Nam
1311 3014 1501 3068 Voffius
1529 3017 1577 3062 in
1606 3014 1687 3063 suo
1719 3013 2005 3081 Etymologico
2034 3008 2124 3054 in..‚v

1146 3091 1232 3140 hac
1248 3090 1415 3142 eadem
1430 3104 1549 3136 voce
1579 3083 1642 3133 fic
1660 3086 1836 3150 inquit:
1871 3079 2123 3146 Transenna

1145 3162 1323 3231 quidfit
1338 3196 1353 3216 ,
1381 3164 1511 3209 etiam
1530 3163 1646 3206 inter
1662 3150 1961 3216 eruditiffi‘mos
1977 3150 2116 3197 homi-

1143 3252 1216 3283 nes
1246 3234 1479 3300 disputatio
1500 3229 1569 3278 ef?
1582 3262 1597 3283 ,
1633 3223 1744 3292 quod
1770 3239 1886 3269 nemo
1916 3223 2117 3286 negarit,

1144 3309 1217 3373 qui
1234 3306 1388 3372 legetic
1408 3299 1648 3353 Turbenztm
1676 3291 1753 3342 lib.
1771 3308 1816 3352 5.
1841 3305 1928 3356 cap.
1940 3307 1989 3353 9.
2022 3290 2113 3339 Bu-

1566 3368 1609 3417 C
1651 3380 1675 3409 2
1980 3358 2113 3406 daeum
