2425 3747
317 265 435 364 seito
456 318 518 362 16
530 314 582 378 ¹7.
608 311 860 380 Turrigius
891 308 1197 370 antiquarum
1217 319 1294 351 re·-

319 403 424 433 rum
468 384 714 433 Vaticanae
752 376 955 429 Basilica·
996 369 1295 441 diligentiffi-

317 474 420 506 mus
441 456 680 521 Scriptor,
708 454 755 500 in
783 446 873 496 suis
901 447 1081 514 Ctyptis
1113 446 1290 496 Vatica-

318 532 388 578 nis
416 544 519 594 pag.
549 540 659 585 155.
697 516 906 588 praefatas
942 534 1088 566 aeneas
1125 515 1292 564 valvas

318 597 377 647 ab
396 596 612 651 Antonio
642 591 877 639 Philarete
894 587 1173 637 Florentino
1194 588 1290 635 ela-

314 670 500 719 boratas
530 656 662 710 fuisse
690 655 871 721 asserit3
895 660 945 708 ὃς
974 660 1022 707 in
1047 674 1212 706 earum
1228 653 1293 704 sa-

314 741 444 790 brica
475 731 739 782 duodecim
779 728 877 780 fere
915 745 1150 778 annorum
1192 726 1293 795 spa-

312 812 437 858 tium
475 801 794 871 impendisse.
829 798 1092 852 Occasione
1128 811 1292 848 autem

311 875 674 927 construcstionis
705 889 841 922 novae
873 870 1108 928 Basilicae,
1142 871 1169 919 a
1196 866 1290 916 san.

312 967 459 998 mem.
477 946 624 998 Paulo
643 948 708 995 V.
724 941 856 992 faGtae
869 979 886 1001 ,
905 940 964 991 ab
979 939 1157 991 eodem
1176 939 1294 988 Pon-

310 1019 399 1068 fice
424 1014 703 1066 restauratas
728 1008 861 1063 fuisse
891 1014 1071 1083 legitur
1095 1012 1144 1061 in
1171 1008 1291 1078 ipsa-

312 1107 424 1139 rum
450 1088 710 1137 valvarum
735 1082 922 1149 fastigio
942 1121 952 1131 .
992 1086 1095 1134 Has
1126 1082 1294 1129 valvas

312 1165 404 1216 (ut
432 1154 679 1216 diximus)
715 1147 837 1215 jussu
865 1152 1069 1219 Eugenii
1101 1153 1196 1201 IV.
1227 1148 1296 1197 fa-

310 1225 540 1278 brefaCtas
561 1221 852 1272 testabantur
872 1224 1082 1272 carmina
1097 1255 1114 1281 ,
1133 1221 1182 1268 in
1195 1221 1261 1270 eis
1275 1255 1293 1279 ,

308 1312 394 1349 aut
423 1297 570 1366 prope
597 1312 674 1343 eas
704 1292 874 1352 incisa,
901 1310 1003 1361 quae
1036 1292 1293 1344 carmina...

308 1367 630 1434 Honuphrius
647 1365 905 1414 Panvinius
923 1364 995 1415 De
1007 1363 1177 1430 Septem
1194 1363 1288 1418 Ur-

307 1440 379 1490 bis
395 1435 599 1507 Ecclesiis
624 1453 732 1506 pag.
753 1450 833 1495 37.
854 1433 916 1484 sic
937 1431 1113 1485 refert:

381 1546 453 1601 Ut
481 1542 650 1601 Graeci,
679 1544 897 1602 Armeni,
934 1539 1197 1607 AEchiopes‚
1228 1541 1299 1591 hic

449 1614 589 1683 aspice
617 1630 665 1664 ut
684 1615 777 1682 ipsit

376 1686 621 1737 Romanam
647 1688 848 1750 amplexa
869 1683 939 1734 ef?
956 1681 1074 1734 Gens
1096 1681 1295 1750 ‘Jacobi-

450 1768 507 1801 na
532 1754 685 1804 Ft‘dem
704 1788 715 1798 .

374 1825 410 1876 S
411 1839 491 1874 unt
504 1826 587 1873 haec
600 1822 792 1892 Eugenii
810 1835 1079 1872 monumenta
1094 1821 1299 1873 illustria

448 1892 627 1963 Qarti
642 1927 659 1945 ‚

374 1958 635 2029 Excelfihic
648 1960 789 2007 animi
794 1956 906 2024 fitnt
920 1968 1192 2005 monumenta
1196 1954 1290 2022 fiti.

376 2058 652 2109 Earundem
677 2060 937 2111 valvarum
964 2067 1165 2113 Iconem
1182 2100 1198 2122 ‚
1235 2063 1295 2114 fi-

307 2146 390 2183 cut
419 2131 478 2180 ad
509 2127 701 2198 praesens
735 2127 876 2190 sunt,
913 2136 962 2180 in
990 2132 1114 2183 Tab.
1139 2139 1289 2188 XIX.

308 2203 593 2271 exponimus
613 2236 630 2257 ,
668 2213 721 2248 ut
740 2219 846 2249 eam
875 2204 1253 2272 contemplando
1274 2243 1291 2264 ,

311 2268 574 2322 curiositati
595 2284 714 2328 tuae,
735 2269 938 2340 benigne
959 2275 1135 2325 1.εᾶοΓ
1151 2312 1168 2334 ,
1192 2278 1291 2345 ple-

308 2341 412 2393 nius
435 2339 698 2390 satisfacere
720 2340 889 2409 poffis3
927 2363 979 2393 ac
1011 2364 1099 2414 pro
1117 2350 1291 2412 majori

311 2416 596 2483 Figurarum
616 2413 663 2458 in
685 2410 863 2462 eisdem
883 2416 1040 2465 valvis
1059 2415 1290 2485 expressa-

309 2503 417 2534 rum
435 2483 782 2549 intelligentia,
799 2482 1193 2554 sequentesnotas
1212 2489 1292 2540 ad-

313 2553 523 2603 didimus
542 2588 554 2599 .

388 2644 429 2673 1.
469 2626 716 2671 Numerus
750 2620 957 2691 Infignia
991 2628 1290 2680 Gentilitia„

311 2691 552 2742 Pontificis
573 2694 776 2761 Eugenii
793 2696 887 2744 IV.
907 2695 1104 2747 denotat
1123 2735 1134 2746 .

388 2781 413 2810 2
425 2798 434 2808 .
473 2766 602 2811 Duas
617 2764 801 2821 clave3‚
818 2768 1028 2814 Romani
1047 2767 1287 2820 Pontificis

313 2829 521 2899 Infignia
554 2832 877 2894 demonstrat,
913 2854 1084 2907 nempe
1121 2854 1286 2890 utran-

311 2920 404 2969 que
422 2901 708 2952 Potestatem
728 2905 939 2974 ligandi,
970 2909 1019 2958 ὃς
1040 2909 1285 2972 solvendi,

310 2976 534 3025 Romano
556 2972 773 3023 Pontifici
791 2996 816 3023 a
836 2980 942 3028 Deo
960 2979 1221 3030 concessam
1239 3019 1249 3029 .

388 3058 430 3103 3.
470 3043 729 3094 Salvatoris
747 3049 1013 3115 Imaginem
1039 3051 1287 3121 repraesen-

315 3126 413 3171 tat,
451 3127 505 3162 ut
530 3112 626 3181 ipsa
652 3117 910 3185 epigraphe
931 3119 1097 3171 docet.

386 3203 433 3247 4.
472 3182 695 3253 Effigiem
715 3186 854 3236 habet
875 3192 924 3236 B.
946 3193 1161 3258 Virginis
1174 3195 1283 3241 Ma-

315 3256 421 3318 riae3
449 3256 507 3305 ad
532 3261 663 3320 cujus
687 3256 828 3325 pedes
852 3260 1031 3329 legitur
1055 3264 1285 3315 Salutatio

726 235 1156 294 VETERA
1231 231 1933 286 MONIMENTA

1347 305 1580 370 Angelica
1609 327 1621 354 τ
1661 306 1769 358 Ave
1805 305 1963 357 Maria
1985 312 2134 375 grati&
2154 312 2313 376 plene.

1419 389 1462 433 5.
1482 384 1530 425 6.
1570 379 1626 425 In
1667 377 1751 424 hac
1777 378 1935 426 areola
1970 378 2088 426 duos
2116 379 2198 428 hos
2228 398 2319 428 nu·

1346 461 1502 493 meros
1539 448 1815 496 continente
1832 483 1848 506 ,
1887 452 2194 516 Imperatoris
2232 451 2319 497 Pa-

1345 515 1528 584 laeologi
1548 515 1743 566 accessus
1758 520 2052 578 Ferrariam,
2072 538 2158 589 pro
2179 521 2318 568 unio—

1342 603 1401 635 ne
1422 587 1701 637 Graecorum
1736 606 1849 636 cum
1869 591 2078 649 Latinis,
2110 589 2320 641 ostendi-

1345 670 1423 705 tur
1444 693 1454 702 .
1488 658 1628 707 Hanc
1659 656 1904 708 historiam
1933 658 2076 710 refert
2105 661 2321 729 Raynal-

1346 727 1431 776 dus
1454 729 1503 774 in
1520 726 1610 776 suis
1625 727 1893 778 Annalibus
1912 729 2240 781 Ecclefiasticis
2262 731 2321 780 ad

1347 815 1524 846 annum
1551 804 1694 862 1'438.
1723 818 1855 848 num.
1878 810 1927 848 6.
1956 800 2007 851 &
2028 819 2073 860 7.
2096 803 2321 870 Anagly-

1347 870 1543 938 pixicum
1560 871 1705 936 igitur
1725 888 1844 938 opus
1863 867 1948 917 sub
1965 889 2100 919 num.
2124 889 2168 932 5.
2190 874 2314 920 Pon-

1346 937 1499 988 tificiae
1534 941 1667 987 navis
1694 974 1711 997 ,
1747 940 1844 989 five
1885 939 2042 1009 potius
2076 943 2328 1001 triremisj

1345 1028 1542 1061 necnon
1575 1011 1884 1076 Imperatoris
1908 1013 1936 1060 εὶ
1961 1014 2166 1062 Venetis
2186 1013 2319 1060 litto-

1347 1079 1473 1128 ribus
1509 1077 1789 1140 discessum,
1828 1098 1880 1128 ac
1916 1081 1965 1129 in
1997 1078 2324 1133 Ferrariense,

1346 1153 1479 1201 littus
1507 1148 1759 1220 appulsum
1791 1152 2054 1219 exprimit,
2091 1155 2172 1220 qui
2205 1156 2327 1201 acci-

1345 1222 1418 1271 dit
1445 1221 1522 1271 die
1543 1228 1587 1273 8.
1608 1223 1779 1272 Martii
1811 1225 2163 1290 praememorati
2183 1225 2326 1271 anni.

1346 1291 1441 1342 Sub
1462 1301 1655 1342 num.6.
1679 1291 1950 1361 designatur
1971 1295 2210 1362 Eugenius
2231 1297 2325 1344 IV.

1347 1365 1510 1432 Papali
1547 1361 1666 1412 tiara
1707 1364 1956 1413 redimitus
1982 1400 1998 1422 ‚
2036 1383 2089 1413 ac
2127 1361 2287 1413 sedens
2311 1399 2328 1422 ,

1349 1434 1692 1502 dexteramque
1725 1435 2014 1503 Imperatori
2055 1437 2330 1504 porrigens,

1351 1507 1433 1574 qui
1449 1505 1629 1556 nudato
1645 1508 1799 1574 capite
1814 1541 1829 1563 ‚
1846 1506 1895 1557 ὅ(
1910 1507 2061 1556 altero
2076 1524 2204 1574 genu
2225 1522 2331 1572 prom

1355 1578 1550 1627 volutus
1577 1579 1789 1627 cernitur
1805 1612 1816 1622 .

1426 1667 1473 1708 7.
1495 1653 1540 1699 8.
1582 1651 1753 1697 Altera
1783 1647 1940 1696 areola
1976 1646 2097 1698 duos
2132 1648 2214 1694 hos
2247 1661 2332 1691 nu-

1349 1737 1509 1769 meros
1546 1717 1952 1785 comprehendens
1980 1754 1996 1776 ,
2034 1719 2145 1766 alias
2185 1715 2330 1764 aetio-

1352 1808 1431 1840 nes
1449 1786 1661 1852 ejusdem
1682 1790 1991 1857 Imperatoris
2010 1784 2301 1838 demonstrat
2314 1820 2331 1842 ,

1351 1878 1526 1922 nempe
1545 1857 1630 1906 sub
1658 1878 1788 1907 num.
1810 1878 1854 1916 7.
1886 1855 2146 1910 Seffionem
2173 1855 2332 1924 publi-

1351 1943 1458 1974 cam
1475 1927 1792 1974 Oecumenici
1815 1929 2026 1977 Concilii
2046 1927 2333 1981 Florentini‚

1350 1994 1565 2045 habitam
1586 1993 1663 2042 die
1682 2004 1731 2045 6.
1753 1998 1876 2060 Julii
1895 2031 1911 2055 ,
1950 2016 2071 2047 anno
2108 2013 2254 2057 1439.
2284 1998 2330 2041 in

1349 2084 1443 2133 qua
1480 2061 1803 2112 interfuerunt
1848 2065 2073 2113 Summus
2109 2063 2331 2113 Pontifex

1345 2137 1584 2205 Eugenius
1603 2138 1694 2184 IV.
1712 2169 1728 2191 ,
1743 2134 1793 2185 &
1812 2135 2082 2200 Imperator
2098 2133 2329 2185 Constan-

1341 2207 1919 2274 tinopolitanusJoannes
1941 2205 2243 2276 Palaeologus.
2268 2209 2327 2254 In

1345 2277 1516 2329 eadem
1550 2272 1754 2324 Seffione
1795 2274 2045 2324 decretum
2074 2275 2168 2325 fuit
2190 2275 2329 2325 Fidei

1346 2346 1644 2418 Symbolum
1671 2346 1904 2413 ajuliano
1924 2344 2163 2397 Caesarino
2193 2343 2326 2394 Pres-

1347 2419 1524 2488 bytero
1547 2416 1795 2467 Cardinali
1827 2414 1929 2464 Tit.
1959 2418 2002 2463 S.
2025 2416 2208 2466 Sabina>
2225 2453 2240 2474 ,
2276 2418 2328 2466 &

1343 2495 1370 2542 a
1398 2485 1664 2539 Beffarione
1692 2484 2072 2555 Archiepiscopo
2103 2491 2293 2536 Niceno
2315 2523 2325 2534 .

1346 2559 1442 2611 Sub
1460 2577 1593 2610 num.
1614 2564 1658 2609 8.
1682 2555 1986 2623 repraesentat
2014 2559 2326 2627 Imperatoris

1343 2636 1370 2682 a
1388 2630 1629 2681 Florentia
1654 2624 1903 2676 discessum
1924 2665 1940 2686 ‚
1979 2631 2212 2679 Venetias
2227 2663 2243 2684 ‚
2274 2629 2326 2677 ὃς

1345 2698 1815 2767 Constantinopolim
1839 2696 2026 2747 versus.
2059 2701 2162 2748 Has
2178 2699 2324 2766 Figu-

1341 2791 1412 2822 ras
1433 2770 1516 2820 sub
1533 2768 1733 2839 praefatis
1753 2782 1959 2836 quatuor
1981 2771 2193 2820 numeris
2214 2786 2323 2816 con-

1340 2855 1489 2893 tentas
1505 2877 1521 2898 ‚
1559 2843 1606 2888 in
1637 2841 1804 2904 majori
1830 2836 1985 2888 forma
2005 2838 2217 2890 ostendit
2235 2839 2321 2886 Pe-

1340 2929 1439 2962 trus
1472 2912 1758 2961 Lambecius
1787 2910 1835 2958 in
1870 2907 1949 2960 sua
1981 2910 2323 2960 Bibliotheca...

1340 2981 1552 3033 Caesarea
1570 2987 1741 3032 tom.8.
1758 3000 1863 3051 pag.
1882 2999 1998 3047 504.
2015 2982 2198 3032 Itidem
2215 2984 2322 3029 Ma-

1340 3072 1443 3102 crus
1464 3055 1654 3103 unicam
1676 3051 1863 3103 tantum
1882 3050 2028 3103 refert
2042 3091 2058 3112 ,
2082 3054 2219 3102 illam
2240 3052 2316 3099 vi-

1340 3124 1513 3176 delicet
1543 3122 1627 3173 sub
1656 3142 1789 3173 num.
1822 3143 1867 3183 7.
1904 3123 2148 3174 occasione
2183 3122 2319 3172 vocis

1339 3198 1545 3264 Calyptra
1561 3232 1575 3255 ‚
1609 3213 1753 3262 quam
1769 3193 2053 3245 diadematis
2067 3212 2215 3264 genus
2247 3189 2318 3241 es-

1342 3264 1386 3317 se
1411 3267 1620 3318 declarat
1634 3302 1650 3324 ‚
1676 3284 1834 3334 panno
1853 3285 2093 3336 purpureo
2112 3303 2127 3326 ‚
2158 3268 2210 3318 ἃ
2232 3280 2315 3312 au-

2265 3348 2317 3384 ΓΟ
