2425 3747
759 296 1024 350 CAP

67 378 221 425 latere
250 391 343 421 una
368 372 417 421 δε
446 362 620 437 viginti
652 362 887 426 fenestm,
916 385 1032 434 qua-
1087 391 1092 394 ·

69 465 177 495 rum
193 441 415 498 latitudo,
429 440 568 491 oculo
579 437 755 500 judice,
769 437 835 487 est
849 437 1032 487 duode-

68 518 163 564 cim
178 516 371 563 circiter
381 511 525 579 palm.
541 544 557 566 ,
584 508 788 558 altitudo
813 509 929 558 vero
951 508 1048 556 du-.

68 588 256 656 plicata3
270 580 416 631 modo
436 595 598 628 autem
611 580 711 627 aliae
727 593 895 647 apertae
912 579 1036 637 sunt,

68 657 171 704 aliae
197 651 362 702 clausae
377 687 389 698 .

137 723 396 773 Nonnullae
425 719 643 768 bifariam
664 716 825 767 divisae
856 737 938 785 per
957 737 1037 767 co-

70 798 283 844 lumnam
309 789 636 859 interpositam
652 826 667 847 ,
690 803 742 837 ut
766 790 812 835 in
830 786 1038 837 Ecclefia

69 864 243 914 Sanstae
259 864 426 913 Crucis
437 861 574 928 supra
591 859 818 908 diximus:
833 858 1037 908 totidem

67 933 275 985 fenestris
290 945 520 981 ornantur
545 930 648 979 duae
665 931 856 997 reliquae
875 933 1036 978 Naves

70 1005 303 1054 laterales:
332 1000 613 1071 magnitudo
642 1015 830 1057 tamen,
861 1001 911 1050 &
929 1000 1036 1046 alti-

69 1074 187 1122 tudo
216 1074 410 1120 illarum
425 1073 581 1120 minor
595 1071 659 1119 est
671 1107 686 1128 ,
711 1083 854 1138 prout
867 1088 924 1118 ex
939 1068 1036 1137 ipsa

68 1144 423 1211 Orthographia
441 1143 573 1210 argui
597 1140 775 1208 potest,
797 1158 940 1206 quam
956 1141 1038 1187 ha·-

69 1213 147 1263 bes
163 1215 210 1261 in
223 1213 596 1262 TabulaVIIJn
609 1207 880 1259 transversis
893 1211 1039 1259 etiam

67 1283 288 1333 Navibus
301 1319 316 1340 ‚
342 1282 400 1329 ad
416 1279 650 1328 sinistrum
666 1280 1041 1348 ingredientium

69 1356 188 1402 latus
201 1389 217 1410 ,
233 1352 426 1400 aderant
443 1365 533 1398 tres
555 1350 653 1398 aliae
669 1352 890 1399 maximae
907 1348 1039 1400 fene-

67 1421 402 1480 strae,indicatae
419 1438 501 1488 per
514 1421 672 1469 literas
689 1423 870 1478 C.D.E‚
887 1418 1039 1490 singu-

68 1495 317 1559 larumque
356 1490 561 1540 latitudo
594 1509 674 1540 20.
712 1493 905 1540 circiter
942 1495 1038 1561 pal-

65 1581 261 1613 morum
274 1598 291 1621 ‚
312 1561 520 1611 altitudo
537 1560 653 1609 vero
668 1579 751 1625 40.
768 1563 861 1611 His
877 1564 1039 1611 immi-

69 1633 242 1683 nebant
280 1646 374 1680 tres
409 1633 509 1680 aliae
537 1630 828 1681 orbiculares
857 1669 872 1690 ,
923 1653 1037 1700 qua-

70 1722 179 1752 rum
195 1703 430 1752 diameter
447 1699 510 1750 est
535 1703 627 1769 pal.
650 1721 727 1750 12.
751 1708 878 1752 Item
909 1706 953 1749 in
974 1701 1039 1750 fa-

71 1776 160 1831 cie,
175 1792 274 1840 quae
290 1776 464 1821 turrim
481 1775 834 1840 campanariam
850 1771 1041 1842 prospe-

67 1845 197 1901 &at‚
226 1841 307 1890 ubi
338 1840 445 1890 sunt
470 1843 541 1888 lit.
560 1847 621 1890 A.
641 1846 693 1889 B.
712 1845 915 1911 geminae
944 1845 1043 1892 aliae

68 1913 281 1977 ejusdem
312 1930 425 1960 cum
460 1909 782 1979 superioribus
810 1914 959 1961 tribus
994 1916 1042 1963 ὃς

68 1981 382 2052 longitudinis
397 2019 413 2041 ,
426 1983 476 2032 &
496 1981 763 2030 latitudinis
778 2019 793 2041 ‚
811 1983 1042 2033 totidem-

69 2071 159 2120 que
191 2055 244 2100 iis
271 2052 559 2102 orbiculares
584 2049 859 2121 supererant
876 2090 891 2111 ‚
930 2065 1044 2121 qua-

71 2140 180 2172 rum
207 2121 443 2169 diameter
462 2121 526 2170 est
550 2123 643 2189 pal.
669 2143 687 2171 1
702 2142 746 2171 2.
776 2138 831 2172 ut
851 2126 898 2171 in
914 2126 1017 2173 aliis
1034 2160 1044 2170 .

71 2194 222 2259 Plagae
254 2194 402 2240 etiam
436 2193 676 2241 Orientali
701 2192 780 2243 sex
815 2195 916 2243 aliae
952 2193 1045 2244 res-

74 2260 349 2332 pondebant
376 2279 488 2310 cum
515 2260 863 2312 orbicularibus
890 2263 1047 2334 supra-

71 2330 232 2401 positis
248 2367 263 2387 ,
298 2334 347 2383 &
381 2349 583 2380 numero
610 2333 660 2381 &
690 2335 1050 2401 magnitudine„

70 2401 363 2470 aequantibus
389 2420 463 2450 eas
484 2438 500 2459 ,
531 2419 643 2468 quas
670 2404 718 2449 in
741 2403 1047 2454 Occidentali

72 2474 252 2541 pariete
268 2469 594 2540 descripsimus
612 2509 622 2519 .

144 2543 378 2609 Antiquas
396 2544 519 2591 inter
539 2540 754 2590 Basilicas
771 2543 932 2594 referri
950 2564 1052 2595 me-

72 2612 166 2659 rito
181 2613 334 2679 potest
345 2611 654 2661 vetustissima
670 2612 875 2663 Ecclesia
889 2618 1049 2666 S.Cle-

76 2684 249 2731 mentis
274 2705 284 2731 :
325 2684 435 2732 licet
469 2684 598 2730 enim
629 2685 825 2732 nomine
856 2683 1051 2753 Basilice²

74 2750 322 2802 Nostrates
336 2755 469 2801 illam
487 2754 687 2801 minim-t}
702 2771 1050 2824 nuncuparent,

14 2850 16 2852 ·
73 2837 285 2871 attamen
311 2822 371 2870 ob
391 2821 599 2872 formam
624 2822 865 2874 struRurae
887 2824 1049 2874 Basili-

75 2911 180 2940 cam
196 2889 356 2942 refert.
372 2891 570 2962 Infignis
588 2893 652 2943 est
668 2895 762 2943 haec
778 2894 900 2945 sacra
918 2896 1050 2947 AEdes

75 2963 222 3011 titulo
249 2962 519 3013 Cardinalis
532 3001 548 3022 ,
575 2960 804 3016 referente
822 2968 1021 3036 Ugonio
1036 3005 1053 3027 ,

75 3030 218 3099 ipsius
234 3036 276 3081 8.
293 3031 533 3083 Pontificis
553 3035 787 3086 natalibus
806 3039 1053 3102 illustri0r3

77 3098 233 3150 asserit
252 3105 380 3153 enim
395 3104 512 3152 hanc
534 3105 653 3153 olim
670 3106 873 3159 extitisse
892 3124 1050 3178 pater-

79 3187 189 3217 nam
204 3174 421 3222 Domum
438 3177 481 3222 8.
501 3175 765 3227 Clementis
778 3215 795 3237 ,
820 3181 866 3227 in
889 3199 979 3247 qua
998 3183 1049 3232 ὃς

80 3241 143 3287 D.
158 3242 404 3302 Barnabas,
419 3243 528 3293 cum
544 3249 753 3297 Romam
768 3247 1047 3310 advenisset,

78 3308 135 3357 ab
151 3309 318 3361 eodem
334 3328 556 3382 exceptus
569 3314 663 3363 fuit
678 3353 688 3362 .
989 3322 998 3330 ’

88 3397 90 3399 ’
146 3379 252 3430 Par.
266 3380 305 3431 Ι.

1095 297 1144 350 U
1215 289 1261 346 T
1359 290 1397 342 I.
2006 308 2024 340 1
2040 308 2059 342 ι

1156 371 1213 415 In
1244 366 1328 412 hac
1369 359 1540 411 eddem
1570 356 1775 409 Ecclesia
1809 356 2062 411 Coelestius

1089 437 1268 505 Pelagii
1306 431 1507 487 sestator
1533 468 1549 490 ,
1599 430 1823 500 praesente
1862 429 2064 480 Zosimo

1092 512 1291 556 Summo
1319 503 1546 553 Pontifice
1562 538 1577 559 ,
1605 518 1860 550 erroneum
1885 501 2061 567 dogma

1091 578 1240 634 (licet
1266 571 1472 637 lusorie)
1500 573 1768 637 abJuravit3
1795 583 1848 618 ut
1863 570 2064 618 habetur

1089 650 1139 694 in
1158 645 1365 715 Epistola
1398 641 1537 710 ipsius
1567 640 1806 690 Pontificis
1838 642 1899 689 ad
1922 639 2061 709 Afri-

1089 735 1211 767 canos
1238 716 1462 784 Episcopos
1476 749 1491 770 ,
1526 714 1633 760 data
1649 713 1874 762 Honorio
1895 714 2066 781 Augu-

1089 788 1157 836 sto
1189 791 1280 837 XI.
1311 787 1362 835 &
1388 785 1554 832 Flavio
1588 782 1903 832 Constantino
1932 780 2063 832 Coss.

1089 857 1272 906 scilicet
1293 873 1415 903 anno
1432 872 1548 917 417.
1579 853 1760 901 Itidem
1791 861 1848 900 de
1876 853 1961 899 hac
1974 855 2065 900 Ec-

1090 928 1227 977 clesia
1245 926 1469 974 meminit
1491 924 1646 971 Divus
1662 925 2000 988 Hieronymus
2018 924 2065 969 in

1089 999 1341 1050 Illuffrium
1371 997 1573 1046 Virorum
1598 992 1749 1050 libro,
1773 993 1831 1042 de
1851 992 2066 1041 eodem-2

1091 1069 1260 1117 Sancto
1284 1068 1540 1117 Clemente
1558 1065 1622 1110 ita
1643 1060 1843 1111 scribens
1864 1083 1875 1110 ε
1913 1063 2069 1112 Nomi-

1093 1143 1164 1188 nis
1200 1145 1290 1205 qjus
1328 1138 1571 1184 memoriam
1602 1134 1727 1201 usque
1760 1134 1885 1180 hodie
1921 1152 2068 1183 extru-

1093 1211 1164 1260 Ha
1190 1206 1375 1276 Ecclcfia
1400 1204 1616 1254 custodit.
1656 1201 1804 1270 Qiod
1821 1216 1983 1260 autem
2013 1206 2071 1250 ti-

1095 1281 1198 1328 tulo
1221 1277 1489 1328 Cardinalis
1520 1276 1800 1342 perantiquo
1817 1270 2070 1321 nobilitata

1093 1349 1181 1407 fit,
1220 1361 1352 1417 patet
1377 1364 1435 1396 ex
1466 1344 1673 1412 Epistola
1709 1346 1752 1390 S.
1772 1343 1944 1391 Leonis
1963 1346 2069 1390 Ma-

1091 1422 1173 1490 gni
1201 1418 1260 1467 ad
1275 1419 1559 1467 Flavianum
1576 1412 1866 1483 Episcopum
1896 1413 1990 1462 CP.
2024 1415 2071 1460 in

1091 1491 1259 1541 ordine
1278 1507 1358 1552 24.
1374 1493 1507 1553 juxta
1524 1486 1849 1553 nuperrimam
1863 1520 1879 1542 ‚
1900 1502 1951 1531 ac
1968 1501 2073 1532 eru-

1093 1563 1245 1611 ditam
1264 1556 1514 1627 Qiesnelii
1537 1556 1835 1614 editionem3
1875 1556 1923 1601 in
1944 1572 2076 1620 qua„

1094 1630 1300 1700 Epistola
1342 1626 1586 1693 cujusdam
1625 1627 1833 1674 Romani
1870 1624 2075 1691 Presby-
2103 1630 2105 1632 ’

1095 1704 1182 1751 teri
1222 1701 1353 1748 tituli
1384 1702 1426 1746 8.
1459 1698 1727 1747 Clementis
1767 1696 1953 1743 mentio
1993 1693 2075 1742 fit.

1096 1769 1321 1836 Ejusdem
1339 1782 1499 1817 autem
1518 1766 1736 1834 Epistolae
1768 1766 1879 1814 data
1895 1763 1960 1813 est
1976 1765 2077 1813 Idi-

1097 1842 1321 1910 busJunii
1339 1875 1353 1895 ,
1384 1837 1573 1886 Asterio
1589 1838 1639 1886 &
1654 1837 1922 1904 Protogene
1941 1833 2072 1884 Coss.

1097 1914 1178 1979 qui
1203 1910 1472 1959 floruerunt
1499 1925 1620 1955 anno
1639 1906 1814 1955 Christi
1830 1924 1946 1969 449.
1978 1904 2074 1953 Hic

1099 1981 1255 2031 obiter
1271 1979 1535 2029 notandum
1553 2013 1569 2034 ‚
1588 1975 1715 2044 quod
1733 1975 1946 2025 Asterius
1964 1993 2076 2042 prae-

1101 2054 1297 2122 ponitur
1334 2050 1592 2115 Protogeni
1645 2060 1810 2095 contra
1860 2062 2076 2094 commu-

1101 2142 1213 2173 nem
1229 2120 1497 2172 Consulum
1515 2119 1787 2185 catalogum
1808 2153 1822 2174 ,
1837 2118 1861 2165 a
1879 2112 2079 2164 diversis

1101 2190 1420 2262 Scriptoribus
1439 2191 1778 2237 concinnatum
1795 2223 1804 2232 .
1836 2184 2079 2240 Urbicum

1101 2267 1248 2316 etiam
1267 2260 1612 2327 Presbyterum
1633 2259 1763 2306 tituli
1783 2260 1825 2304 8.
1844 2257 2078 2305 Clemen-

1102 2338 1161 2385 tis
1186 2335 1371 2402 reperio
1397 2328 1712 2397 subscriptum
1729 2330 1773 2374 in
1794 2327 2019 2376 Concilio
2038 2330 2076 2375 Ι.

1103 2411 1358 2459 Romano,
1385 2400 1467 2448 sub
1486 2399 1776 2468 Symmacho
1806 2398 1927 2465 Papa
1957 2414 2080 2444 anno

1101 2476 1303 2526 Domini
1319 2491 1436 2538 499.
1455 2469 1713 2520 celebrato.
1732 2473 1785 2517 In
1806 2468 1890 2515 hac
1908 2466 2080 2515 eadem

1106 2543 1303 2594 Basilica
1355 2545 1512 2592 Divus
1564 2540 1826 2608 Gregorius
1878 2541 2083 2603 Magnus

1105 2616 1350 2666 Homilias
1367 2629 1446 2672 33.
1465 2613 1514 2661 ὃ(
1534 2617 1611 2668 38.
1627 2610 1882 2668 recitavit3
1911 2626 1964 2654 ac
1994 2609 2081 2655 im,

1103 2699 1270 2755 quarto
1292 2686 1611 2752 Dialogorum
1628 2681 1711 2728 lib.
1727 2681 2081 2735 iiarrat‚Sei·vu-

1103 2761 1206 2808 lum
1219 2758 1416 2804 nomine
1432 2791 1448 2812 ,
1479 2752 1769 2820 patrimonio
1790 2765 2047 2817 pauperem
2065 2784 2082 2806 ‚

1102 2827 1183 2877 sed
1198 2828 1384 2875 meritis
1398 2825 1624 2880 divitem,
1645 2820 1786 2889 longi
1804 2833 2078 2885 correptum

1104 2895 1315 2969 paralysi
1352 2891 1539 2960 jacuiffe
1567 2930 1582 2952 ,
1633 2889 1878 2960 quousque
1924 2889 2081 2955 supre-

1104 2987 1243 3019 mum
1274 2969 1385 3016 vitae
1403 2966 1564 3021 diem,
1594 2963 1763 3011 morbo
1795 2963 1844 3011 ὃ(
1873 2959 2078 3027 egestate

1105 3042 1342 3110 patienter
1356 3029 1868 3091 toleratisffanfffiffim&
1883 3028 2077 3076 obierit.

1209 3111 1463 3176 Pompejus
1500 3107 1725 3172 Ugonius
1766 3098 2078 3166 supracitatus

1100 3181 1171 3231 De
1182 3178 1456 3231 stationibus
1479 3176 1650 3232 Urbis,
1680 3183 1896 3220 autumat
1911 3165 2073 3216 Basili-

1099 3269 1204 3298 cam
1221 3252 1339 3298 hanc
1366 3251 1391 3297 ἒι,
1406 3247 1611 3296 Nicolao
1627 3247 1665 3291 I.
1695 3245 1889 3289 Summo
1912 3239 2074 3285 Ponti-

1095 3319 1181 3370 fiee
1196 3318 1330 3370 fuiffe
1348 3318 1676 3370 restauratam,
1693 3309 1918 3376 suamque
1940 3309 2075 3356 elicit

1519 3386 1558 3433 Β.
1597 3399 1623 3428 2
1913 3397 1998 3427 con
2009 3383 2076 3439 je-
