2425 3747
317 238 337 268 1
379 227 414 268 ό·

314 239 545 339 Olarione
573 288 632 336 de
661 291 704 335 S.
741 286 927 352 Babyla
953 299 1100 331 contra
1130 282 1287 331 Genti-

313 361 399 416 les,
420 361 532 407 iicet
547 375 718 406 nomen
738 355 1046 421 Imperatoris
1063 353 1284 402 reticeat:

315 431 392 477 cui
423 427 619 476 mirifice
645 423 888 474 assentitur
907 426 957 469 B.
975 423 1289 488 Haymonius

315 497 568 565 Episcopus
588 493 974 544 Halberstadien.
995 495 1043 539 in
1063 491 1139 539 sua
1157 491 1283 543 Hifl.

316 569 427 618 Eccl.
455 567 534 613 lib.
551 575 599 613 6'.
624 583 725 631 cap.
744 583 789 611 2.
817 565 867 613 &
884 561 1147 612 consonant
1163 563 1290 611 Acta

316 636 539 702 martyrii
571 637 613 682 S.
643 635 861 683 Donnini
889 633 1016 701 apud
1048 634 1288 683 Boninum

316 704 660 755 Mombritium
702 706 771 756 De
808 707 929 757 Vitis
972 706 1007 754 S
1009 704 1288 754 messorum-⁴:

316 789 420 822 tum
437 774 561 824 Αξὶα
579 777 623 822 S.
642 776 799 823 Pontii
822 775 1058 841 Martyris
1074 809 1091 830 ,
1115 791 1285 841 nuper-

314 846 433 895 rime
465 848 511 894 in
543 847 701 894 lucem
722 845 851 894 edita
884 845 941 892 ab
970 842 1285 893 eruditiffimo

316 916 552 984 Stephano
590 916 786 963 Baluzio
824 917 872 962 in
909 912 1000 962 suis
1032 913 1284 981 Miftellan.

318 987 399 1034 lib.
422 1003 466 1033 2.
485 983 748 1036 Postremus
769 997 928 1033 autem
952 983 1291 1052 praedictorum

317 1058 613 1124 Scriptorum
654 1053 907 1103 sententias
944 1054 1174 1120 expendit
1212 1054 1289 1102 su-

318 1128 570 1196 pracitatus
589 1126 759 1173 Daniel
778 1126 987 1175 Huetius
1007 1126 1056 1171 in
1074 1122 1155 1175 suo
1174 1124 1292 1173 Tra-

317 1200 447 1247 elatu
482 1197 846 1265 Origenianorum
877 1208 1007 1265 parte
1049 1214 1089 1242 1.
1125 1194 1209 1243 lib.
1250 1215 1291 1243 1.

321 1287 420 1334 cap.
446 1282 487 1323 3.
519 1285 646 1315 num.
678 1285 752 1314 12.
782 1264 1124 1322 &concludit‚
1154 1268 1289 1317 Chri-

322 1339 540 1404 §Zisacris
564 1345 587 1389 ᾱ
605 1337 793 1387 Fabiano
809 1338 927 1403 Papa
942 1340 1166 1386 initiatum
1171 1334 1290 1404 finf-

309 1410 362 1477 fi‘
380 1410 630 1475 Philippum
646 1444 660 1464 ‚
677 1409 763 1477 fid
776 1409 930 1457 occulte?
946 1442 956 1453 .
982 1407 1209 1455 Rationes
1224 1408 1292 1455 ibi

322 1482 480 1526 reddit
496 1513 511 1534 ,
539 1497 648 1546 quas
670 1478 916 1528 brevitatis
935 1476 1070 1524 causa
1090 1478 1262 1525 omitto
1276 1512 1292 1534 ,

323 1547 433 1598 cum
462 1549 588 1615 apud
622 1547 777 1616 ipsum
813 1548 971 1597 videri
1004 1544 1207 1614 poffint,
1243 1548 1293 1596 &

323 1618 443 1667 mihi
472 1615 674 1665 sufficiat
698 1614 915 1667 indicasse
945 1617 1209 1673 Auctores,
1233 1617 1293 1664 il·-

325 1689 575 1750 lorumque
600 1689 849 1760 opiniones
876 1684 1083 1733 retulisse
1102 1719 1113 1730 .

386 1759 593 1825 Jamque
618 1756 724 1803 satis
746 1754 973 1823 superque
1000 1751 1299 1821 probatum

324 1844 432 1876 reor
447 1863 463 1884 ,
494 1840 598 1874 tum
618 1825 998 1875 Christianorum
1013 1859 1028 1880 ,
1055 1836 1160 1870 tum
1178 1824 1294 1873 Eth-

326 1899 545 1946 nicorum
569 1894 846 1945 testimoniis
861 1930 876 1953 ,
896 1894 1194 1959 Evangelicae
1213 1907 1295 1941 ve-

325 1969 476 2016 ritatis
511 1967 726 2014 alumnos
755 1962 988 2033 prioribus
1027 1961 1176 2010 tribus
1214 1962 1295 2011 sae-

328 2038 445 2086 culis
462 2033 688 2085 Ecclefias
710 2030 916 2084 habuisse
934 2068 950 2090 ,,
987 2034 1036 2082 ὃ(
1060 2031 1295 2098 quidem-³

330 2106 570 2177 publicas:
607 2124 691 2155 nec
721 2106 910 2153 illarum
928 2105 1122 2151 nomine
1149 2101 1296 2151 solam

332 2174 543 2245 ipsorum
564 2176 1000 2243 Congregationem
1020 2173 1201 2230 venire,
1217 2170 1297 2222 sed

330 2249 477 2297 etiam
496 2244 707 2295 AEdificia
735 2244 927 2293 Divinis
951 2241 1138 2292 addicta
1155 2279 1167 2289 .
1198 2244 1303 2295 Una

330 2317 391 2365 de
422 2316 515 2363 alio
537 2318 774 2364 calamum
798 2328 986 2363 vertere
1011 2309 1153 2361 satius
1167 2311 1304 2363 duci-

735 213 1160 269 VETERA
1231 210 1922 263 MONIMENTA

1342 299 1432 349 que
1455 299 1594 331 nemo
1619 280 1880 330 nostratum
1908 281 2166 346 opponitur
2182 318 2199 339 ,
2230 300 2314 330 no-

1341 349 1503 418 bisque
1533 369 1645 400 cum
1679 352 1893 402 alienatis
1922 348 2146 399 fratribus
2184 349 2313 399 sum-

1340 440 1418 470 ma
1439 421 1682 472 corcordia
1704 419 1770 471 est
1786 458 1797 468 .
1833 422 2000 471 Velim
2031 434 2192 469 autem
2211 422 2316 470 illos

1341 489 1461 540 seria
1476 526 1492 548 ,
1512 510 1564 538 ac
1585 488 1759 540 fincera
1770 527 1787 549 ,
1805 492 1854 540 &
1874 486 2121 558 quibusvis
2140 489 2316 540 affesti-

1343 560 1427 610 bus
1456 558 1607 610 libera
1631 560 1944 610 meditatione
1965 578 2018 609 ea
2050 560 2316 628 perpende-

1343 650 1392 681 re
1410 667 1427 689 ,
1455 648 1556 697 quae
1586 633 1734 680 oculis
1763 631 2027 701 animisque
2059 629 2135 680 hic
2167 632 2318 681 amics}

1344 699 1620 766 subjicimus
1637 737 1647 748 .

1414 773 1484 818 En
1511 773 1662 838 prima
1679 767 1835 818 fronte
1861 772 2074 820 Gallieni
2105 775 2317 840 Impera-

1338 843 1452 890 toris
1477 841 1689 891 edffllum
1703 875 1721 898 ,
1751 858 1847 908 quo
1865 839 2144 890 Christianis
2163 839 2315 890 facul-

1339 926 1406 960 tas
1421 911 1531 960 data
1548 908 1642 959 fuit
1668 912 1772 960 loca
1796 907 2016 978 religiosa
2033 928 2318 979 recuperan-

1342 983 1391 1031 di
1413 1018 1429 1039 ,
1462 983 1509 1029 in
1539 980 1709 1048 quibus
1733 982 1945 1044 injunsta
1968 978 2105 1029 sacris
2137 982 2316 1029 ordini-

1344 1051 1429 1100 bus
1450 1053 1611 1101 munia
1638 1068 1723 1119 per
1743 1051 1958 1101 Clericos
1978 1087 1995 1109 ,
2032 1052 2080 1102 &
2101 1068 2183 1118 per
2206 1053 2317 1120 Epi-

1343 1122 1504 1191 scopos
1524 1123 1840 1189 implerentur
1861 1157 1872 1168 .
1901 1126 2121 1190 Fregerat
2141 1118 2319 1171 scilicet

1343 1207 1559 1243 mentem
1576 1193 1886 1261 Imperatoris
1905 1193 2150 1242 Valeriani
2179 1193 2322 1259 patris

1346 1265 1601 1319 interitus,
1641 1263 1963 1330 docueratque
1999 1260 2195 1329 paterna
2225 1263 2323 1309 cla-

1344 1334 1426 1382 des
1450 1335 1663 1399 iniquam
1682 1333 1920 1382 Caesarum
1941 1331 2125 1381 rabiem
2154 1346 2321 1383 contra

1346 1401 1523 1455 Christi
1544 1401 1727 1453 Fideles
1745 1402 1871 1451 haud
1891 1403 2083 1471 impune
2099 1398 2290 1472 grassari
2305 1440 2318 1451 .

1347 1476 1478 1525 Hinc
1504 1486 1637 1521 metu
1655 1471 1809 1540 potius
1832 1475 1998 1522 ultoris
2024 1475 2146 1530 Dei,
2180 1476 2324 1541 quarn

1348 1541 1656 1614 propensione
1686 1545 1734 1590 in
1763 1542 2082 1601 Christianos,
2107 1541 2324 1612 persecu-

1347 1616 1489 1663 tionis
1508 1613 1737 1680 procellas
1751 1611 2016 1679 fluetusque
2034 1613 2327 1681 composuit,

1353 1686 1404 1733 δε
1428 1701 1481 1731 ea
1504 1684 1665 1731 omnia
1694 1695 1793 1730 tam
1811 1684 1997 1751 privata
2017 1717 2034 1739 ,
2074 1685 2216 1749 quam
2242 1701 2331 1751 pu-

1355 1751 1510 1808 blica,
1541 1769 1641 1819 quae
1665 1751 1759 1800 illis
1796 1770 1878 1821 per
1905 1754 2009 1801 vim
2038 1749 2095 1801 ab
2113 1753 2331 1803 Ethnicis

1351 1835 1514 1890 erepta
1534 1820 1723 1871 fuerant
1741 1857 1758 1879 ,
1786 1820 1964 1889 usuque
1993 1824 2042 1874 ἃ
2072 1822 2332 1873 habitatio-

1347 1910 1407 1940 ne
1441 1892 1653 1947 violata,
1687 1889 1867 1942 restitui
1896 1895 2121 1962 praecepit
2146 1929 2158 1939 .
2189 1891 2333 1944 Libet

1351 1961 1659 2031 Imperatorii
1678 1957 1890 2030 rescripti
1912 1960 2058 2011 verba
2078 1980 2331 2029 reponere,

1350 2048 1451 2098 quae
1483 2032 1530 2079 in
1554 2048 1599 2090 7.
1622 2027 1747 2079 Hist.
1775 2030 1857 2080 lib.
1880 2049 1981 2100 cap.
2007 2047 2082 2089 13.
2104 2029 2347 2095 Eusebius³

1350 2099 1768 2168 recenset‚nempe:
1787 2100 2023 2167 Imperator
2041 2104 2175 2170 Caefhr
2190 2101 2335 2155 P.Li-

1354 2176 1495 2222 cinius
1527 2171 1782 2229 Gallienus,
1809 2173 1942 2231 Pius,
1977 2174 2105 2223 Felix
2125 2209 2141 2232 ,
2177 2175 2334 2244 Augu-

1355 2245 1449 2292 §ius
1470 2277 1487 2300 ,
1518 2242 1727 2310 Dionjfio
1743 2277 1759 2299 ‚
1790 2243 1942 2293 Pinnae
1957 2279 1972 2300 ,
1994 2243 2220 2293 Demetrio
2235 2281 2251 2302 ,
2274 2254 2330 2295 (Τ

1353 2315 1534 2381 reliquis
1562 2312 1781 2381 Epzscopis
1799 2347 1809 2359 .
1847 2314 2170 2381 Indctlgentiam
2203 2314 2330 2363 bene-

332 2404 436 2436 mus
451 2421 468 2444 ,
484 2385 904 2455 praeposteramque
924 2384 1206 2453 opinionem
1224 2401 1303 2432 eo·
1342 2385 1452 2453 ficii
1472 2383 1611 2433 nostri
1623 2400 1702 2449 per
1719 2385 1974 2451 univerfitm
1990 2381 2152 2434 Orbem
2171 2387 2335 2456 dffln·

333 2475 441 2505 rum
473 2453 690 2505 refellere
705 2491 721 2513 ,
748 2456 827 2521 qui
848 2451 1073 2503 Ecclefias
1100 2452 1154 2502 ea
1180 2467 1305 2503 tem·
1357 2454 1710 2521 dipraecepimus,
1742 2468 1790 2500 ut
1808 2454 1956 2503 σιιηὲἶὶ
1975 2459 2002 2503 c}
2024 2459 2245 2523 religiosis
2263 2459 2327 2505 lo·

334 2525 509 2595 pestate
531 2523 733 2575 extitisse
751 2525 946 2591 quidem
966 2521 1205 2582 fatentur,
1223 2521 1303 2577 sed

335 2603 360 2646 a
374 2599 681 2647 Coemeteriis
701 2593 902 2643 minime
922 2591 1188 2651 distinstas,
1209 2593 1310 2642 imo

337 2670 548 2734 Cryptas
570 2661 855 2718 &Ecclefias
878 2660 1155 2732 synonyma
1176 2680 1310 2731 pror:-

336 2733 408 2784 sus
434 2735 566 2785 fuisse
594 2748 918 2806 propugnant.
956 2731 1147 2793 Quibus
1171 2746 1226 2782 ut
1253 2729 1309 2782 ed

338 2804 430 2871 qua
455 2805 590 2854 decet
628 2805 855 2855 methodo
888 2821 1224 2861 occurramus,
1261 2805 1312 2851 in

342 2877 505 2944 primis
533 2876 659 2922 ultro
683 2878 732 2925 ὃς
762 2872 1065 2923 libentissime
1092 2873 1310 2923 admitti—

341 2964 444 2994 mus
464 2982 480 3003 ,
507 2943 682 2994 Christi
703 2945 885 2994 Fideles
912 2947 1159 3012 primaevos
1176 2947 1309 3010 Cry-

342 3030 441 3085 ptas
468 3018 517 3067 &
545 3016 838 3064 Coemeteria
856 3050 872 3070 ,
908 3013 989 3061 ubi
1026 3017 1312 3081 Martyrum

341 3085 466 3135 sacra
500 3088 695 3154 pignora
716 3082 1023 3132 servabantur
1040 3117 1057 3139 ,
1092 3082 1309 3149 frequen·-

1355 2530 1418 2573 cis
1443 2522 1694 2590 abfiedant;
1722 2527 1912 2589 quocirca
1945 2533 2000 2574 Θ·
2029 2545 2116 2577 vos
2130 2529 2330 2592 rescripti

1363 2589 1655 2658 noflrifhrmd
1679 2598 1746 2641 uti
1765 2597 1951 2657 poteflis
1968 2630 1984 2651 ‚
2012 2600 2066 2647 ἶς’
2083 2599 2223 2645 nullus
2244 2616 2331 2646 τοι

1361 2664 1429 2714 bis
1452 2662 1647 2728 deinceps
1672 2665 1911 2713 molefliom
1922 2663 2133 2736 fizcff’t:
2169 2671 2335 2735 atque-s

1361 2734 1416 2783 id
1437 2733 1548 2800 quod
1567 2733 1699 2783 ‘vobis
1732 2739 1884 2803 exequi
1911 2739 2014 2785 licet
2031 2771 2046 2794 ‚
2070 2738 2334 2804 jamdudum

1364 2809 1390 2854 ἃ
1407 2822 1471 2852 me
1492 2805 1714 2872 concfftm
1734 2804 1802 2852 ef?
1818 2840 1829 2851 .
1861 2805 2009 2859 Unde
2030 2824 2144 2875 ergo
2163 2807 2332 2854 Ethni-

1363 2875 1405 2922 ci
1435 2870 1775 2922 abscederent?
1810 2876 1928 2941 Qiae
1964 2877 2066 2924 loca
2102 2876 2331 2926 Christia-

1362 2944 1431 2991 nis
1456 2942 1738 2992 redderent?
1775 2945 1841 2992 Ea
1861 2943 2071 3014 profeeffi
2092 2981 2108 3002 ,
2137 2964 2236 3012 quae
2265 2949 2334 2995 eis

1362 3013 1631 3079 eripuerant
1646 3050 1660 3071 ,
1677 3014 1726 3063 ὃς
1743 3031 1842 3081 quae
1867 3014 2160 3064 habitatione
2183 3034 2329 3064 occu-

1363 3096 1591 3151 paverant
1611 3119 1623 3129 .
1664 3086 1798 3132 Num
1820 3099 1983 3134 autem
2004 3088 2327 3144 Coemeteria,

344 3154 512 3206 tissime
531 3152 708 3211 adiisse,
720 3152 977 3217 eademque
997 3150 1179 3199 summa*
1197 3150 1317 3200 sem·
1365 3150 1668 3219 Cryptasque
1691 3152 1930 3223 occupasse
1950 3191 1966 3212 ,
1999 3154 2263 3223 eademque
2281 3158 2330 3203 in

347 3245 432 3296 per
452 3227 757 3275 veneratione
779 3218 969 3271 coluisse
992 3258 1003 3268 .
1032 3225 1087 3269 In
1113 3221 1200 3269 hoc
1220 3223 1325 3269 uti-.

1367 3222 1610 3274 domicilia
1627 3222 1713 3272 fibi
1731 3223 1914 3293 elegisse
1931 3224 2331 3344 credendunifst?

2237 3313 2315 3344 rae-
