2425 3747
273 274 337 328 56·

265 340 320 388 ἐπ’
352 351 501 385 manns
528 370 543 393 ,
580 337 729 405 quibus
754 338 981 387 Orationes
1012 338 1061 382 in
1090 332 1233 382 Anto-

264 415 382 459 nium
410 408 679 474 Philippicas
689 408 947 476 firipfirat,
968 403 1093 471 jtfflt
1106 405 1234 468 hnjns

264 483 514 546 amputavit
542 479 783 528 Herennius
810 496 825 535 ;
862 493 947 543 qun
980 477 1074 524 cnm
1104 474 1234 542 ff’nt

260 555 444 605 Romam
464 551 622 605 alaim,
653 547 905 601 Antonius,
935 551 1007 612 qui
1032 543 1231 612 tnmfor-

258 630 301 672 te
314 624 501 673 Comitia
515 616 718 672 habebat,
755 617 904 666 andita
930 635 975 664 re
991 652 1006 673 ,
1036 618 1090 665 ὼ·
1118 615 1234 684 vifis

261 691 462 741 membris
480 724 494 745 ,
532 689 804 736 exclamavit
822 723 838 744 ,
861 690 1139 755 finitasjtzm
1159 686 1236 754 effi

252 762 581 832 proscriptiones
605 779 620 817 5
656 775 701 805 ac
719 771 798 822 pro
827 759 988 808 rosiris
1007 762 1115 824 poni
1142 773 1236 805 ma-

259 852 338 882 nus
354 865 370 887 ,
406 843 605 895 caputque
629 830 848 879 Ciceronis
866 829 998 896 jnffi't
1014 865 1029 885 ,
1059 830 1234 878 horren-

258 904 358 952 dum
383 899 596 949 Romanis
607 899 925 966 specfiaculum.
964 900 1102 946 Plura
1127 901 1237 946 Nu-

259 967 480 1020 mismata
517 987 627 1016 cum
662 967 894 1018 fimilibus
930 970 1240 1018 allocutioni-

258 1043 344 1090 bus
363 1038 422 1087 ad
446 1040 621 1087 milites
649 1036 785 1089 affert
805 1039 1017 1090 Oiselius
1046 1042 1093 1087 in
1115 1039 1241 1088 Tab-

258 1113 555 1162 LXXXIX.
573 1111 787 1178 itemque
806 1109 1099 1159 Sebastianus
1114 1113 1245 1159 Eriz-

187 1214 194 1221 ·
257 1184 357 1233 zius
378 1182 425 1227 in
445 1193 611 1245 quarta
639 1179 709 1226 sui
731 1182 907 1246 Operis
922 1179 1136 1230 editione
1151 1218 1168 1239 ,
1195 1182 1242 1228 in

259 1256 333 1302 M.
352 1250 568 1298 Antonio
586 1284 602 1305 ,
640 1250 689 1295 in
710 1251 889 1298 Severo
904 1285 921 1307 ,
956 1252 1003 1298 in
1033 1254 1244 1301 Antoni-

259 1341 321 1371 no
348 1319 597 1369 Caracalla
616 1354 631 1375 ,
668 1337 720 1368 ac
741 1322 789 1367 in
809 1319 964 1369 Probo
985 1357 995 1368 .

329 1388 520 1438 Tabula
555 1393 729 1439 XXII.
765 1392 855 1438 tria
891 1393 1106 1442 continet
1136 1410 1240 1442 ern-

257 1462 468 1511 blemata
495 1495 512 1517 ,
549 1461 597 1508 in
632 1478 838 1527 quorum
870 1461 1029 1528 primo
1069 1455 1241 1508 visitur

254 1533 684 1599 Hippocentaurus
724 1533 913 1578 clavam
953 1526 1132 1578 sinistra
1171 1542 1240 1577 te-

253 1602 460 1659 nens,&
480 1602 572 1648 alas
593 1603 641 1648 in
662 1601 872 1650 humeris
888 1598 1062 1649 liabens
1077 1638 1086 1647 .
1106 1598 1243 1658 Qsid

254 1669 376 1721 vero
413 1670 676 1718 monstrum
711 1672 798 1720 hoc
836 1672 1064 1719 denotare
1103 1666 1245 1736 poffit

255 1745 424 1808 ignoro
440 1772 456 1794 ,
494 1740 764 1801 quanquam
784 1744 831 1781 in
853 1736 1115 1801 parietibus
1132 1757 1245 1804 prae-

252 1809 359 1860 fatae
385 1803 591 1853 Bafilicae
629 1802 831 1852 extitisse
871 1822 959 1872 pro
999 1821 1128 1855 certo
1161 1810 1241 1856 ha-

255 1880 453 1933 bemus,
479 1877 529 1925 &
548 1880 645 1937 ejus
675 1873 974 1923 emblematis
995 1880 1244 1941 exemplar

257 1943 604 2012 desumpsimus
624 1961 680 1992 ex
700 1943 883 1992 Codice
904 1946 1150 1992 Vaticana?
1170 1946 1243 1991 Bi-

257 2016 507 2069 bliothecae
536 2012 621 2060 sub
655 2031 784 2060 num.
810 2030 958 2077 5407.
993 2032 1097 2081 pag.
1126 2033 1238 2063 100.

258 2086 408 2156 Qiod
427 2083 599 2132 similia
618 2082 823 2132 monstra
846 2086 1096 2133 extiterint
1115 2086 1240 2134 inter

259 2160 520 2224 Scriptores
559 2153 878 2222 disceptatur:
919 2167 1140 2202 neutram
1172 2169 1241 2202 ta-

260 2247 368 2277 men
402 2227 681 2293 opinionem
712 2226 835 2273 tueri
869 2226 1014 2282 volo,
1049 2225 1160 2272 licet
1179 2224 1243 2272 afa

263 2298 555 2346 firmativam
584 2292 838 2362 defendere
867 2291 1046 2363 possem
1078 2311 1241 2345 contra

261 2369 384 2417 male
410 2364 825 2434 philosophantem
846 2367 1129 2415 Lucretium
1147 2404 1163 2425 ,
1192 2369 1242 2418 ὃς

264 2446 360 2502 ejus
382 2433 591 2485 asseclas.
634 2434 800 2485 Solum
829 2435 905 2485 hic
924 2434 1144 2486 indicasse
1178 2439 1242 2487 le·-

262 2510 383 2558 stori
405 2504 626 2562 sufficiat,
640 2506 769 2572 quod
793 2507 1033 2556 Balthasar
1054 2506 1241 2556 Bonifa-

265 2583 361 2627 cius
381 2576 679 2645 Rhodiginus
710 2578 758 2623 in
777 2574 856 2625 sua
873 2577 1086 2626 Historia
1111 2579 1240 2627 ludi-

266 2668 343 2697 cra
362 2647 443 2696 lib.
461 2667 506 2707 7.
536 2665 637 2714 cap.
668 2655 742 2695 16‘.
771 2648 1110 2715 Hieronymus
1132 2653 1241 2697 Ma-

265 2721 368 2786 gius
402 2717 482 2765 lib.
510 2737 549 2765 1.
579 2716 776 2765 miscell.
809 2735 910 2785 cap.
938 2738 1012 2767 10.
1053 2721 1240 2768 Natalis

267 2789 326 2837 de
349 2786 623 2836 Comitibus
639 2787 722 2834 lib.
743 2806 786 2846 7.
808 2806 908 2855 cap.
928 2808 975 2852 4.
997 2789 1238 2854 hujusmo-

267 2860 315 2908 di
334 2855 541 2904 monstra
560 2856 660 2904 dari
690 2854 813 2924 posse
835 2857 1148 2908 arbitrantur.

338 2926 611 2976 Secundum
632 2926 867 2976 emblema
886 2932 1102 2979 continet
1120 2933 1239 2981 Leo-

265 2997 470 3068 pardum
489 3033 504 3053 ,
541 2999 620 3063 qui
645 3000 863 3046 Cervum
893 3001 1123 3064 devorat3
1161 3000 1241 3051 sed

268 3083 323 3117 ut
351 3070 399 3115 in
425 3067 608 3135 pifiura
642 3067 807 3116 videre
836 3067 933 3127 est,
970 3090 1065 3120 non
1083 3074 1239 3121 modi==

267 3156 370 3187 cam
392 3138 518 3186 illius
537 3149 723 3205 partem
742 3152 931 3207 tempus
952 3139 1211 3210 absumpsit
1226 3180 1238 3190 .

357 3210 584 3257 Tertium
617 3210 828 3258 continet
862 3211 1073 3260 Leonem
1103 3249 1118 3269 ,
1155 3215 1237 3279 qui

272 3277 490 3331 Taurum
517 3279 767 3333 dilacerat:
805 3283 965 3336 omnia
989 3296 1152 3334 autern
1180 3301 1241 3334 ex

677 254 1105 319 VETERA
1180 251 1881 318 MONIMENTA

1996 191 2064 209 «ν’*ἐμ

1291 352 1432 402 opere
1464 334 1612 385 sefflli
1648 337 1911 386 consti-usta
1947 335 2084 384 sunt.
2123 340 2274 387 Cam-⁵

1290 423 1402 472 pus,
1418 407 1497 472 qui
1514 425 1673 456 aream
1690 406 2018 475 repraesentat,
2037 424 2096 456 ex
2112 409 2273 476 Ophi-

1288 490 1335 524 te
1357 474 1454 533 est,
1485 474 1604 525 ficut
1622 479 1769 526 etiam
1787 478 2158 536 delineationeS,
2178 491 2273 526 tra-

1287 544 1482 612 &usque
1502 550 1623 615 nigri
1643 548 1816 596 coloris
1835 585 1850 605 ,
1882 548 2053 617 quibus
2075 546 2287 600 istarum?

1289 617 1559 667 belluarum
1585 620 1743 667 icones
1763 653 1780 674 ,
1817 635 1912 666 non
1937 618 2030 669 fine
2062 617 2290 687 quodam‘

1290 688 1459 737 decore
1486 722 1502 744 ,
1551 707 1602 736 ac
1640 686 1890 739 venustate
1929 693 2236 759 variegantur
2264 724 2285 739 .

1291 756 1439 826 Qod
1475 770 1652 806 terram
1683 757 1860 816 refert,
1899 757 1966 807 est
2002 777 2061 808 ex
2094 759 2290 808 Alaba-c⁴

1293 830 1423 879 strite
1441 829 1669 897 AEgyptio
1687 854 1698 879 ς
1723 829 1911 877 Taurus
1931 829 2075 887 vero,
2101 832 2152 879 ἃ·
2170 832 2294 880 [εΗ-ἑ

1295 919 1396 969 quae
1413 901 1582 948 Leonis
1605 913 1786 966 partes,
1815 901 1839 947 e
1857 901 1994 948 Pario
2019 917 2287 950 marmore..

1296 976 1410 1020 Duo
1437 971 1531 1019 haec
1552 969 1843 1019 emblemata
1860 969 2146 1038 posteriora,
2178 972 2286 1038 plu·-

1296 1042 1426 1090 ribus
1450 1040 1636 1089 abhinc
1668 1042 1800 1088 annis
1819 1055 2014 1108 egomet
2045 1039 2136 1089 suis
2167 1042 2292 1089 locis

1298 1109 1439 1162 affixa
1467 1111 1571 1160 vidi
1587 1147 1603 1169 ,
1631 1124 1774 1179 prout
1792 1110 1875 1158 sub
1897 1112 2047 1159 literis
2069 1114 2132 1159 A.
2161 1112 2212 1161 &
2230 1114 2282 1158 Β.

1296 1186 1345 1232 in
1382 1182 1671 1253 praecedenti
1700 1179 1891 1230 Tabula
1924 1184 2071 1232 XXI.
2106 1180 2290 1229 indica-

1297 1269 1398 1304 tur:
1438 1272 1564 1302 nunc
1585 1250 1704 1302 vero
1733 1255 1782 1300 in
1814 1252 1929 1300 duas
1958 1248 2141 1301 mensas
2175 1268 2290 1300 con-

1295 1324 1433 1375 versa
1452 1325 1580 1393 apud
1599 1326 1758 1372 Patres
1786 1325 1829 1368 S.
1851 1324 2057 1371 Antonii
2087 1319 2283 1370 servan-

1295 1408 1375 1441 tur
1401 1428 1411 1437 .
1458 1394 1614 1436 Etiam
1648 1392 1743 1437 haec
1776 1391 1865 1436 tria
1900 1392 2189 1441 emblemata
2226 1390 2289 1440 ad

1294 1464 1369 1511 Μ.
1393 1461 1598 1508 Antonii
1625 1456 1869 1508 historiam
1904 1458 2114 1528 spestare
2149 1474 2290 1509 autu-

1298 1550 1410 1589 mo,
1437 1529 1549 1579 cum
1570 1532 1743 1597 Figura
1769 1549 1809 1577 1.
1825 1532 2288 1599 Hippocentaurum

1297 1603 1595 1671 exprimens,
1615 1599 1828 1647 alludere
1847 1601 2073 1647 videatur
2089 1598 2149 1646 ad
2163 1598 2286 1661 ejus-

1300 1674 1411 1723 dem
1429 1672 1636 1719 Antonii
1667 1666 1938 1737 prosapiam
1965 1686 2024 1716 ex
2040 1670 2255 1718 Hercule
2270 1705 2289 1727 ,

1298 1745 1381 1810 qui
1406 1740 1651 1790 excidium
1684 1739 1742 1787 de
1775 1741 2027 1787 Centauris
2053 1737 2286 1807 sumpsit,

1297 1827 1350 1861 ut
1372 1814 1419 1859 in
1441 1809 1523 1860 suo
1541 1811 1757 1859 Hercule
1777 1806 1940 1859 insano
1959 1811 2181 1859 meminit
2192 1811 2288 1858 Eu-

1299 1882 1477 1946 ripides
1496 1901 1543 1930 v.
1574 1902 1592 1928 1
1608 1899 1727 1938 272.

1367 1945 1562 1999 Τυφὶἔνοις
1593 1943 1614 1994 ii
1646 1944 1875 2005 γῖγοωπτκς,
1910 1944 1932 1997 2'2'
1963 1951 2224 2012 τετςαισκελὲίς

1367 2015 1563 2078 Κεντοώρο
1590 2019 1757 2066 arrius&
1794 2017 1967 2080 m'lxefflv
1999 2019 2049 2065 ἐκ
2085 2018 2248 2082 ἔΙξῆνυσυε
2267 2020 2288 2080 ς1

1368 2089 1626 2157 Typhonas,
1654 2105 1728 2136 ant
1761 2086 1977 2157 'Gigantes
1993 2125 2009 2148 ,
2041 2107 2116 2140 ant
2149 2089 2287 2170 Qa-

1445 2161 1651 2226 drupedes
1669 2194 1678 2204 .

1367 2232 1521 2281 Prelio
1547 2233 1778 2280 Centauris
1795 2226 1954 2296 referto
1985 2248 2068 2277 non
2089 2230 2251 2301 confeci
2267 2243 2288 2297 ζ

1296 2301 1572 2369 Leopardus
1594 2318 1705 2348 cum
1729 2303 1891 2348 Cervo
1911 2336 1927 2358 ,
1965 2302 2017 2351 ὃς
2047 2302 2145 2351 Leo
2170 2320 2285 2350 cum

1296 2373 1460 2421 Tauro
1485 2373 1543 2420 ad
1564 2369 1771 2420 ferarum
1790 2366 2059 2435 spec‘tacula
2074 2408 2090 2429 ,
2118 2369 2283 2420 ludos-

1296 2461 1386 2511 que
1416 2446 1464 2490 in
1496 2442 1737 2497 Theatro,
1768 2439 2013 2492 occasione
2045 2443 2282 2510 triumphi

1295 2518 1368 2564 M.
1393 2513 1595 2569 Antonii
1619 2509 1912 2570 celebratos,
1933 2514 2149 2563 revocari
2169 2510 2282 2580 pos-

1299 2584 1406 2634 sunt
1423 2620 1433 2630 .

1356 2653 1577 2705 Diximus
1593 2652 1640 2696 in
1659 2652 1965 2720 praecedentis
1983 2652 2183 2702 Tabulae
2199 2669 2279 2701 exa

1293 2725 1549 2794 plicatione
1564 2758 1580 2779 ,
1608 2724 1800 2792 Figuras
1820 2725 1867 2771 in
1889 2726 2006 2773 areis
2031 2724 2275 2791 quadratis

1291 2796 1375 2843 sub
1392 2811 1522 2842 num.
1552 2812 1591 2840 1.
1610 2810 1654 2839 2.
1676 2809 1720 2852 3.
1742 2790 1997 2861 expressas,
2021 2798 2094 2843 M.
2115 2797 2277 2842 Anto-

1292 2868 1358 2914 nii
1372 2861 1497 2934 gesta
1519 2860 1734 2930 praeferre
1751 2901 1767 2922 ,
1807 2864 1951 2932 idque
1972 2866 2147 2934 apertis
2167 2881 2280 2911 con-⁴

1293 2932 1628 3000 je&ationibus
1665 2932 1854 2984 firmare
1892 2939 2047 2985 conati
2085 2933 2242 2983 sumus
2263 2969 2275 2980 .

1296 3004 1521 3071 Ejusdem
1546 3004 1690 3054 modo
1719 3006 1994 3055 Triumviri
2025 3004 2274 3054 historiam

1293 3080 1340 3124 in
1357 3071 1570 3144 praesenti
1587 3078 1732 3125 etiam
1749 3076 1937 3125 Tabula
1952 3079 2153 3126 XXIII.
2167 3092 2278 3123 con-

1293 3147 1468 3195 tinuari
1504 3163 1597 3194 non
1617 3147 1803 3196 levibus
1837 3148 2162 3215 argumentis,
2201 3146 2275 3190 in-

1292 3214 1519 3283 diciisque
1537 3217 1842 3283 probabimus
1859 3254 1869 3263 .
1892 3218 2098 3270 Utinam
2116 3230 2277 3264 tamen

1302 3287 1515 3356 Oedipus
1534 3285 1619 3334 iim
1633 3323 1649 3347 ,
1675 3289 1726 3340 ὃς
1743 3291 1769 3340 a
1787 3289 2006 3357 plurimis
2039 3285 2277 3353 ambigui-

2164 3367 2277 3403 tati·
