2425 3747
331 230 424 275 104

322 289 397 350 quc}
414 299 551 331 eorum
580 287 699 348 opert}
724 285 1013 349 utplurimum
1040 280 1293 340 utebantur,

321 374 418 431 quos
449 352 572 402 Galli
599 367 760 402 vocant
788 352 1066 401 Couturiers
1085 386 1100 408 ,
1137 351 1295 402 Latini

325 430 434 476 verb
454 424 651 472 sartores
668 456 683 477 ,
718 440 801 488 quae
818 419 1029 470 vocabula
1051 440 1096 470 re
1119 422 1295 472 efforem

325 497 496 547 ‘veteris
520 493 668 540 vestis
684 493 832 556 potitis
861 490 1067 540 denotant
1084 527 1101 551 ‚
1136 499 1294 561 qusint„

324 582 444 614 novae
468 558 762 627 confidorem.
801 562 915 609 Pus&
945 559 1083 630 super
1100 563 1187 611 hoc
1206 563 1294 612 du·

321 636 403 684 bio
433 629 643 678 disieruit
678 632 906 680 Braunius
930 632 1001 682 De
1023 635 1199 683 ‘vestitu
1216 635 1296 684 Sa-

324 702 477 753 cerdot.
498 698 606 749 Heb.
638 700 722 748 lib.
747 720 787 748 1.
816 719 916 769 cap.
946 713 1021 751 16.
1056 722 1188 751 num.
1217 724 1293 753 10.

321 778 372 827 ὃς
387 771 510 838 seqq.
524 807 539 828 ,
551 787 691 838 quem
708 770 981 820 adeundum
1000 768 1183 823 curioso
1203 776 1294 824 Le-

320 845 444 910 Ctori
463 843 732 909 relinquam
744 878 755 888 .

390 915 490 964 Hic
508 911 636 961 idem
658 912 845 961 Auctor
859 948 876 971 2
895 911 1136 963 occasione
1156 929 1296 964 motae

320 983 602 1056 quaestionis,
618 980 982 1032 luculentiffime
1003 985 1216 1052 loquitur
1238 986 1296 1034 de

321 1055 470 1107 modo
486 1052 680 1103 texendi
701 1050 850 1102 vestes
874 1055 922 1101 in
940 1054 1070 1105 disto
1092 1074 1192 1124 cap.
1218 1065 1293 1105 16.

321 1144 454 1181 num.
489 1143 565 1187 19.
594 1142 654 1174 ex
680 1141 773 1191 quo
803 1125 1029 1173 nonnulla
1062 1126 1296 1176 delibavi-

321 1216 427 1249 mus
445 1232 455 1242 .
487 1199 598 1244 Duo
619 1196 763 1263 igitur
783 1194 909 1262 apud
923 1210 1110 1246 veteres
1131 1210 1296 1259 texen-

321 1270 371 1319 di
396 1284 567 1335 genera
595 1263 760 1323 fuere,
797 1283 947 1313 unum
975 1264 1218 1325 sedendo,
1245 1284 1298 1314 ac

320 1354 529 1389 tramam
562 1333 782 1385 deorsum
801 1371 818 1394 ,
857 1335 974 1385 idest
1009 1336 1069 1386 ad
1106 1335 1299 1386 inferio-

322 1428 425 1462 rem
456 1419 638 1476 partem
658 1441 674 1463 ,
709 1404 840 1474 spatz'i
872 1409 930 1463 (a
960 1405 1302 1458 similitudine-2

320 1481 472 1550 gladii
504 1474 563 1525 sic
589 1476 763 1539 dieta)
799 1477 906 1525 loco
943 1479 1142 1547 pee'tinis
1174 1496 1299 1526 nunc

322 1549 482 1599 ulitati
498 1582 514 1606 ,
554 1546 793 1596 trudendo
814 1582 830 1605 ,
859 1565 1098 1616 unamque
1121 1546 1299 1617 fimpli-

321 1638 428 1670 cem
448 1620 594 1667 telam
611 1617 955 1667 tantummodo
973 1616 1301 1675 absolvebant,

321 1704 378 1740 ut
403 1687 572 1736 videre
587 1686 652 1734 est
669 1688 718 1731 in
740 1685 863 1732 Tab.
884 1692 1111 1750 XXXV.
1127 1690 1228 1752 Fig.
1250 1705 1297 1730 α.

321 1759 552 1810 Alterum
581 1752 701 1805 vero
728 1788 745 1811 ,
780 1753 911 1820 quod
936 1753 1064 1823 apud
1097 1772 1179 1803 nos
1210 1755 1301 1804 in.»

320 1824 689 1879 desuetudinem
715 1821 834 1871 abiit
852 1858 869 1881 ,
905 1825 1111 1891 antiquis
1135 1837 1297 1874 tamen

320 1898 415 1951 fuit
430 1892 784 1947 ufitatiffimum
802 1929 819 1952 ,
857 1908 958 1944 erat
977 1897 1065 1944 hoc
1084 1916 1095 1943 :
1126 1897 1197 1943 illi
1217 1896 1300 1962 qui

320 1968 549 2020 texebant
565 1965 746 2014 stabant
759 1999 776 2022 ,
808 1965 1047 2032 telamque
1068 1964 1298 2035 perduce-

323 2040 438 2089 bant
459 2037 516 2085 ab
534 2053 629 2084 uno
647 2036 795 2083 latere
817 2035 876 2084 ad
897 2036 1027 2083 aliud
1046 2070 1063 2094 ,
1094 2048 1301 2085 tramam

322 2106 504 2160 sursum
520 2143 536 2167 ,
553 2103 671 2154 idest
689 2104 746 2153 ab
766 2100 1069 2156 inferioribus
1088 2107 1147 2155 ad
1167 2103 1301 2174 supe·

323 2182 450 2231 riora
466 2175 687 2227 ducendo
704 2210 716 2221 .
746 2177 905 2241 Hujus
923 2176 1119 2226 texendi
1136 2172 1301 2226 formae

324 2249 702 2320 pulcherrimum
730 2250 1010 2318 exemplum
1036 2248 1100 2297 est
1132 2250 1180 2296 in
1213 2266 1298 2297 ve-

323 2321 540 2369 nerandae
561 2320 856 2384 antiquitatis
873 2319 1056 2370 Codice
1074 2320 1302 2388 Virgilia-

325 2409 416 2447 no,
439 2391 576 2439 mille
604 2391 655 2441 &
672 2388 1132 2458 quadringentorum
1161 2391 1300 2438 circi-

325 2476 396 2511 ter
411 2478 647 2508 annorum
662 2495 678 2517 ,
703 2461 784 2526 qui
806 2463 853 2510 in
873 2462 1105 2511 Vaticana
1123 2459 1302 2509 Biblio-

324 2533 460 2580 theca
491 2527 781 2587 affervatur,
818 2531 900 2579 ubi
927 2528 1099 2580 visitur
1124 2530 1303 2580 femina

325 2602 443 2650 stans
472 2603 519 2649 in
548 2599 925 2670 perpendiculari
953 2607 1067 2669 jugo
1094 2602 1302 2650 textorio

328 2672 474 2721 telam
490 2670 741 2720 conficiens
759 2708 769 2718 .
808 2674 1031 2740 Figuram
1052 2690 1109 2720 ex
1130 2671 1303 2720 eodem

329 2742 513 2790 Codice
547 2741 884 2810 depromptam
912 2756 1104 2809 gratum
1131 2742 1302 2792 Lecto-

330 2814 368 2858 ri
389 2806 626 2869 fasturusj
653 2815 702 2864 ὃς
719 2811 1082 2861 confirmaturus
1097 2830 1150 2861 ea
1169 2848 1185 2871 ‚
1203 2831 1304 2879 quae

330 2883 560 2930 Braunius
586 2883 633 2929 in
660 2882 790 2932 dieto
809 2884 964 2950 capite
981 2880 1147 2941 affert,
1172 2882 1302 2932 exhi-

330 2950 418 3001 beo
436 2953 484 3000 in
500 2950 667 3000 eadem
691 2952 812 3001 Tab.
832 2957 1057 3005 XXXV·
1080 2955 1180 3022 Fig.
1207 2973 1247 3003 1.

397 3022 595 3070 Erudit&
621 3021 751 3071 idem
781 3025 1010 3072 Braunius
1031 3026 1202 3072 nititur
1222 3023 1304 3072 de·

328 3091 617 3149 monstrare,
653 3089 1025 3159 antiquissimam
1056 3108 1208 3142 artem
1234 3107 1305 3142 te·

328 3164 476 3212 xendi
500 3160 646 3211 vestes
677 3161 886 3230 praefatas
917 3162 1070 3211 adhuc
1099 3165 1145 3210 in
1169 3163 1307 3212 lndia

331 3236 426 3284 ooli
443 3255 462 3293 3
496 3252 547 3282 ac
577 3236 790 3282 tunicam
820 3251 878 3282 ex
898 3229 1034 3282 bvffo
1051 3269 1067 3290 ,
1091 3229 1190 3284 five
1208 3251 1303 3301 xy-

722 211 1150 264 VETERA
1222 208 1921 267 MONIMENTA

1348 283 1448 332 lino
1473 282 1772 335 subtiliflimo
1802 286 1987 354 egregie
2009 288 2321 348 manicatam,

1348 370 1401 400 ac
1433 354 1640 422 undique
1660 356 1865 404 clausam
1882 354 2194 416 finesutum‘,
2227 358 2322 409 fine

1349 423 1450 472 ullo
1465 423 1570 473 acus
1588 424 1787 494 vestigio
1815 445 1873 475 ex
1891 426 2021 475 Indis
2040 426 2098 476 ad
2117 430 2321 477 Hollan-

1348 492 1433 541 dos
1469 492 1678 542 delatam
1698 492 1860 557 fuifl'e3
1895 495 2155 545 subaddens
2192 498 2322 565 quod

1349 560 1447 631 ipse
1475 563 1563 613 hoc
1588 568 1809 634 exemplo
1837 581 2026 624 motus,
2063 581 2319 618 veterem-,2

1350 634 1468 682 hanc
1495 646 1732 683 texturam
1750 636 2163 703 ingeniofillimam
2183 636 2286 688 sane
2299 675 2317 698 ‚

1347 722 1400 753 ac
1431 701 1710 753 rariffimam
1736 741 1752 763 ,
1787 707 1957 768 &jam
1994 727 2019 755 a
2045 722 2119 755 tot
2145 708 2321 759 saeculis

1346 773 1678 843 deperditam,
1712 793 1772 823 ex
1794 789 2016 825 veterum
2043 777 2245 828 tenebris
2275 782 2322 828 in

1348 847 1562 913 apricum
1591 847 1906 912 protraxerit,
1938 847 1988 895 ὃ(
2010 845 2134 896 bono
2162 849 2320 917 publi·

1350 933 1406 964 co
1422 952 1438 975 ,
1464 912 1723 983 praesertim
1741 917 1789 963 in
1814 917 2054 965 Literariae
2077 919 2325 986 Reipubli-

1352 1005 1413 1034 cae
1430 986 1789 1035 monimentum
1803 987 2094 1053 vulgaverit,
2109 1004 2249 1054 prout
2265 1007 2324 1038 ex

1349 1059 1449 1124 jugi
1479 1057 1674 1104 textorii
1713 1054 1999 1106 emblemate
2035 1059 2081 1104 in
2113 1058 2326 1120 ejusdem

1352 1126 1550 1175 Tabulae
1577 1128 1748 1193 Figura
1767 1144 1811 1173 2.
1839 1140 2058 1194 apparet,
2094 1135 2222 1191 qu'us
2241 1129 2324 1178 de-

1351 1198 1664 1246 clarationem
1694 1196 1820 1264 apud
1846 1197 2000 1265 ipsum
2021 1200 2325 1248 Braunium„

1353 1268 1519 1317 videre
1541 1266 1720 1347 poteris
1736 1304 1746 1314 .

1425 1342 1557 1389 Dum
1576 1339 1670 1385 haec
1688 1334 1939 1388 scriberem
1951 1375 1967 1397 ‚
1983 1339 2041 1387 ad
2058 1358 2188 1390 aures
2205 1359 2328 1390 meas

1356 1407 1605 1480 pervenit,
1628 1409 1712 1456 hac
1738 1411 1786 1456 in
1825 1408 1958 1462 Urbe
1987 1408 2215 1459 artificem
2249 1412 2329 1460 dc-

1354 1499 1465 1550 gere
1483 1516 1499 1539 ,
1524 1481 1605 1546 qui
1624 1476 1803 1528 ‘fimilia
1826 1493 2007 1529 texeret
2023 1515 2033 1526 .
2074 1479 2171 1528 Diu
2197 1499 2323 1548 quae-

1356 1559 1501 1601 litum
1519 1549 1715 1598 tandem
1740 1551 1901 1598 inveni
1917 1586 1933 1608 ,
1959 1548 2208 1617 ipsumque
2234 1570 2329 1600 non

1355 1619 1508 1671 solum
1525 1621 1642 1667 mihi
1659 1619 1893 1667 indicavit
1911 1654 1927 1676 ,
1965 1618 2045 1667 sed
2073 1622 2219 1668 etiam
2245 1622 2328 1670 do-

1350 1708 1486 1736 mum
1504 1706 1663 1735 meam
1681 1688 1824 1735 duxit
1838 1687 2330 1759 eruditiffimusJoan÷

1350 1775 1432 1807 nes
1453 1755 1725 1817 Pastricius,
1742 1758 1787 1805 in
1810 1759 2033 1826 Collegio
2057 1758 2253 1810 Urbano
2276 1761 2327 1809 de

1353 1829 1636 1899 Propaganda
1650 1829 1757 1880 Fide
1773 1826 2110 1879 Controversia
2119 1847 2225 1878 rum
2245 1832 2332 1880 Le-

1351 1902 1457 1950 &or
1471 1934 1488 1958 ,
1523 1911 1628 1946 tum
1644 1901 1818 1947 Graecae
1831 1933 1848 1956 ,
1871 1911 1976 1946 tum
1998 1901 2330 1949 Orientalium

1353 1972 1625 2039 linguarum
1643 1967 1777 2036 supra
1799 1966 1941 2018 fidem
1965 1970 2172 2035 peritus,
2194 1990 2245 2018 ac
2265 1971 2332 2020 di·

1352 2036 1597 2110 gniffimus
1611 2041 1637 2087 a
1653 2037 1868 2095 secretiS,
1884 2035 1979 2086 slve
1999 2040 2219 2089 DireROr
2235 2042 2332 2089 col-

1353 2112 1545 2159 lationis
1575 2106 1908 2158 Ecclefibsticae
1937 2106 2136 2158 historiae
2170 2113 2194 2159 ἒι
2225 2128 2331 2161 mea

1354 2179 1575 2229 institutae
1605 2215 1621 2238 ,
1670 2196 1771 2245 quae
1809 2180 1858 2228 in
1898 2178 2069 2230 eodem
2105 2182 2328 2249 Collegio

1353 2250 1597 2320 quindeno
1618 2246 1836 2315 quolibet
1863 2248 1941 2297 die
1971 2245 2087 2297 feria
2117 2269 2161 2297 2.
2188 2250 2330 2299 habe-

1356 2337 1456 2372 tur:
1479 2321 1578 2371 dixi
1598 2324 1623 2370 ὲ
1641 2337 1716 2369 me
1733 2319 1953 2368 institutae
1967 2355 1984 2377 ‚
2000 2323 2226 2385 quoniam
2248 2322 2332 2369 ali-

1355 2396 1437 2461 qui
1460 2393 1669 2461 palmam
1689 2391 1809 2439 mihi
1832 2392 2037 2457 arripere
2060 2404 2332 2449 tentarunt,

1356 2465 1460 2512 aliis
1476 2460 1731 2512 tribuendo
1748 2497 1759 2508 .
1799 2460 2067 2510 Textorem
2094 2463 2240 2529 igitur
2259 2463 2329 2508 in-

1357 2533 1596 2601 terrogavi
1610 2567 1627 2589 ,
1642 2550 1700 2579 an
1720 2533 1928 2579 tunicam
1954 2532 2036 2578 vul
2041 2529 2103 2598 gc>
2119 2533 2227 2581 indu
2247 2552 2332 2580 mm

1358 2605 1488 2654 nulla¹
1513 2600 1672 2650 sutura
1690 2600 1827 2650 sciret
1855 2603 2068 2651 intexere
2084 2637 2095 2648 .
2119 2603 2330 2669 Respon-

1358 2675 1431 2723 dit
1451 2670 1692 2741 protinus,
1722 2669 1766 2720 se
1795 2673 1908 2720 talia
1936 2670 2208 2720 elaborandi
2229 2690 2330 2721 mo-

1359 2744 1475 2792 dum
1494 2747 1591 2804 jam
1616 2745 1641 2791 a
1662 2744 2062 2811 trigintaquatuor
2095 2744 2223 2791 annis
2252 2760 2331 2791 ex-

1359 2807 1578 2880 cogitasse
1601 2848 1617 2871 ,
1655 2811 1877 2861 suadente
1897 2848 1912 2869 ,
1950 2831 2000 2859 ac
2030 2810 2333 2862 stimulant&

1359 2882 1507 2933 nobili
1535 2881 1745 2949 quodam
1774 2884 1914 2940 viro,
1942 2882 2169 2950 Principis
2193 2883 2327 2930 Tho-

1357 2950 1491 3003 mafii
1511 2952 1858 3010 contubernali,
1874 2951 2179 3018 addiditque:
2200 2952 2332 3029 ,ρεξτ-

1358 3041 1453 3074 tuor
1462 3027 1563 3089 jam
1580 3022 1631 3071 ab
1649 3026 1726 3073 illo
1740 3026 1867 3093 scuta
1882 3038 2112 3089 acceperam
2128 3059 2142 3080 ,
2170 3039 2218 3071 ut
2238 3029 2330 3089 opi·

1345 3098 1455 3166 ficio
1484 3110 1630 3143 manus
1649 3099 1902 3161 imponerem
1921 3116 1935 3156 3
1954 3094 2226 3164 sedulamque
2255 3112 2330 3142 na-

1357 3164 1522 3215 vabam
1554 3179 1717 3230 operam
1741 3202 1757 3224 ,
1791 3169 1883 3230 ciam
1912 3170 1961 3214 in
1989 3169 2170 3214 manicis
2207 3165 2333 3231 haefi,

1355 3237 1484 3286 velut
1500 3239 1549 3285 in
1548 3235 1663 3305 stcco
1673 3271 1690 3296 ‚
1715 3240 1770 3288 Θ
1787 3239 1983 3288 inchoata
1991 3239 2193 3305 perficere
2201 3237 2332 3302 plane}

2231 3323 2332 3373 jam
