2425 3747
670 226 1223 281 ,CAPUT
1316 220 1507 278 XVII.

124 294 187 345 da
208 332 224 353 ,
259 298 338 345 vel
369 296 428 346 ad
462 312 611 344 novos
641 295 690 342 in
723 294 837 345 Fide
871 296 1094 363 Tyrones

127 364 425 424 erudiendos,
440 367 558 414 inter
574 361 826 431 Apostolos
847 366 998 415 adhuc
1014 366 1093 415 ob-

119 437 273 483 -tinuit
300 434 455 503 postea
479 436 619 502 quam
639 435 817 501 Spiritu
837 436 1004 485 δειηᾶο
1027 434 1092 484 af-

116 504 228 555 ssati
252 540 269 563 ,
302 507 352 556 &
377 505 581 572 repleti,
615 503 975 572 Hierosolymis
1010 504 1089 552 ab·

118 586 290 623 euntes
310 610 326 632 ,
357 573 450 622 alio
480 575 635 641 legem
662 572 835 623 Christi
864 593 1088 643 propaga-

123 645 221 691 turi
241 644 522 712 appulerunt
537 677 559 689 ..
577 644 696 710 Qae
713 656 869 692 tamen
892 643 961 701 (fi
980 662 1092 693 vera

122 709 292 771 fateri,
326 709 556 780 rebusque
577 711 654 760 sua
671 715 861 762 nomina
878 714 986 763 dare
1007 732 1091 761 vo-

118 783 310 846 lamus)
339 780 629 849 consuetudo
657 784 934 851 appellanda
959 802 1089 832 non-³

119 848 272 911 foret,
290 851 369 901 sed
391 851 507 901 dura
524 851 790 912 neceffitas,
817 852 926 910 cum
943 857 989 901 in
1007 857 1091 901 Ec-

120 917 270 970 clefiae
302 920 627 982 incunabulis,
663 921 745 971 ubi
772 925 841 971 nil
868 921 1087 983 firmum,

122 991 191 1038 nil
205 987 368 1049 facile,
391 989 471 1042 sed
487 995 646 1042 omnia
657 995 894 1053 nutantia,
916 991 1092 1062 aspera-

121 1078 213 1126 que
250 1063 497 1130 Evangelii
533 1060 649 1112 sacri
678 1064 911 1113 Praecones
946 1062 1087 1112 habe-

122 1128 262 1190 bant,
280 1131 457 1182 nedum
477 1133 571 1180 alta
585 1167 602 1190 ,
625 1134 674 1182 ὃ(
696 1131 942 1200 magnifica
967 1147 1086 1183 tem-

120 1201 225 1268 pla,
249 1199 329 1251 sed
354 1201 411 1250 ne
431 1201 623 1268 quidem
651 1201 851 1250 minima
870 1215 1090 1270 poterant

119 1283 346 1320 exeitari.

202 1339 453 1407 Qidquid
485 1352 645 1390 autern
665 1336 810 1390 fuerit
841 1340 899 1389 de
924 1338 1088 1410 prim‘is

117 1410 211 1457 illis
231 1408 550 1479 temporibus,
586 1408 731 1460 libeat
757 1409 815 1458 ab
841 1414 966 1462 Ortu
1001 1412 1087 1460 ixi-„-

115 1477 352 1531 Occasum
371 1480 626 1550 Apostolos
652 1481 845 1529 Petrum
860 1517 875 1539 ‚
904 1483 953 1532 ὃ(
971 1482 1086 1529 Pau-

85 1610 88 1613 ·
117 1549 249 1609 lum,
273 1553 480 1599 Romam
500 1564 661 1600 euntes
689 1552 936 1599 comitari.
966 1552 1088 1600 Illuc

118 1621 246 1668 enirn
269 1621 422 1670 veluti
446 1623 492 1669 in
515 1615 726 1669 stabilem
742 1656 756 1677 ,
779 1635 1087 1686 aeternamque

114 1686 252 1738 Fidei
271 1687 429 1740 sedem
447 1725 463 1748 ,
492 1691 540 1737 in
562 1691 821 1738 Catholicae
846 1688 1087 1747 Ecclefiae,

115 1759 168 1809 δι
194 1761 385 1807 unitatis
415 1760 711 1826 Evangelicae
741 1772 882 1826 caput
897 1794 915 1818 ,
946 1756 1087 1807 ambo

118 1845 230 1876 cum
252 1830 354 1877 aliis
375 1828 640 1877 concessere
660 1863 672 1874 .

188 1895 317 1947 Cum
340 1911 499 1946 autem
523 1896 582 1945 de
603 1896 814 1945 adventu
831 1933 848 1954 ,
884 1899 933 1947 &
955 1914 1088 1945 mora

113 1962 327 2033 ipsorum
359 1970 406 2016 in
438 1964 576 2020 Urbe
611 1964 806 2032 quidam
839 1965 1087 2018 dubitare,

115 2032 213 2089 aufi
233 2035 413 2086 fuerint
430 2073 446 2094 ,
476 2038 599 2084 clara
622 2035 932 2102 ipsorummet
952 2038 1085 2104 Apo-

115 2104 346 2155 stolorum
364 2105 628 2156 testimonia
657 2102 828 2155 referre
855 2125 949 2155 non
979 2108 1084 2153 inu·

115 2175 201 2224 tile
233 2173 332 2224 fore
360 2175 645 2226 crediderim
666 2210 677 2222 .
716 2177 913 2224 Paulum
940 2178 1087 2245 igitur

115 2245 389 2305 audiamus,
414 2247 493 2313 qui
523 2247 570 2292 in
597 2243 803 2313 Epistola
830 2245 887 2294 ad
908 2247 1085 2313 Philip-

113 2313 274 2382 penses
297 2333 396 2385 cap.
414 2335 460 2379 4.
480 2334 504 2362 2
520 2334 558 2362 1.
577 2317 740 2363 Romae
757 2315 894 2373 data,
914 2314 974 2362 fic
993 2317 1084 2366 ait:

114 2385 322 2435 Salutant
355 2407 440 2438 vos
469 2390 543 2454 qui
575 2403 730 2434 mecum
752 2388 860 2454 fiant
881 2382 1051 2454 fratres
1068 2423 1083 2444 ‚

102 2456 302 2524 salutant
316 2477 398 2507 vos
429 2474 568 2504 omnes
592 2457 625 2506 S
628 2457 748 2506 αηέῖἰ
764 2492 779 2514 ,
810 2462 994 2506 maxim&
1012 2473 1083 2505 au-

114 2529 201 2574 tim
233 2529 307 2594 qui
332 2528 384 2575 de
412 2529 588 2596 Caesaris
612 2528 849 2596 domofimt
875 2563 884 2572 .
924 2527 1085 2575 Petrus

116 2594 233 2644 item
259 2597 306 2643 in
326 2595 531 2663 Epistola
550 2616 589 2644 1.
619 2615 717 2664 cap.
738 2614 780 2657 5.
805 2598 979 2648 Salutat
1001 2616 1084 2646 vos

114 2666 342 2731 (inquit)
365 2665 574 2734 Ecclefia,
599 2685 683 2734 quae
710 2670 777 2717 eff
800 2672 848 2717 in
865 2667 1084 2736 Babylone

115 2735 288 2786 colle-Ha
316 2771 328 2783 .
369 2734 629 2803 Babylonis
667 2751 827 2786 autem
863 2738 1084 2786 nomine,

115 2806 323 2853 Romam
350 2807 512 2855 venire
532 2838 547 2863 ,
584 2810 827 2856 communi
851 2807 1083 2855 Patrunm.»

114 2872 337 2943 suffragio
359 2874 739 2944 comprobatum,
755 2877 846 2926 est:
884 2880 1012 2926 Nam
1034 2878 1084 2928 ὃ(

115 2943 647 3014 ΓερίειεΑροίὶοΙοωῐῃ
682 2945 955 3016 Discipulus
981 2983 998 3005 ,
1033 2949 1083 2997 &

118 3016 338 3065 Clemens
374 3015 727 3066 Alexandrinus
773 3017 899 3086 apud
934 3016 1081 3067 Euse-

116 3079 250 3133 bium
273 3085 354 3133 lib.
373 3105 416 3133 2.
431 3086 678 3136 HistEccl.
694 3106 794 3156 cap.
816 3104 890 3148 15.
916 3089 966 3138 &
986 3089 1082 3136 Eu·

116 3150 269 3202 sebius
303 3153 398 3223 ipse
431 3155 479 3203 id
514 3150 714 3205 afferunt
750 3176 859 3206 cum
884 3158 1078 3206 Tertul-

118 3222 244 3271 liano
265 3225 312 3270 in
333 3226 416 3277 lib.
439 3225 652 3278 adversus.
670 3226 849 3297 ‘Judaeos
866 3263 882 3286 ,
908 3245 1009 3297 cap.
1026 3246 1076 3289 9.

118 3336 122 3339 .
188 3291 332 3346 Paul.

1145 292 1312 362 quibus
1338 297 1593 344 concinunt
1620 298 1663 344 S.
1679 293 1889 365 Justinus
1914 245 2110 364 Mai-‘agrii

1145 366 1357 435 Apologia
1374 365 1432 414 ad
1446 365 1715 415 Antoninum
1734 366 1885 415 Pium:
1915 367 2106 434 Diony-

1142 433 1232 483 fius
1278 436 1641 484 Corinthiorum
1682 433 1935 503 Episcopus
1983 436 2107 501 apud

1144 505 1438 571 praecitatum
1467 502 1723 553 Eusebium
1748 505 1918 553 eodem
1946 502 2027 551 lib.
2062 525 2106 553 2.

1143 592 1182 621 c.
1202 589 1280 633 25.
1302 579 1501 622 Irenaeus
1525 575 1735 644 adveifits
1750 575 1933 642 Haertfis
1951 575 2038 622 lib.
2062 591 2108 633 3.

1142 661 1244 709 cap.
1268 645 1367 692 1.&
1386 656 1463 698 30.
1484 643 1802 692 Tertullianus
1823 639 2110 710 supradic‘his

1144 713 1213 763 De
1234 714 1465 781 praesbrzpt.
1495 714 1689 762 Haeretic.
1725 731 1825 781 cap.
1857 724 1936 771 36.
1967 718 2109 777 Cajus

1139 784 1358 849 antiquus
1391 783 1599 849 Scriptor
1636 783 1756 850 apud
1785 780 1937 850 ipsum
1964 783 2106 834 Euse-

1141 849 1274 899 bium
1302 852 1472 900 eodem
1496 853 1626 900 loco:
1655 853 1880 901 Clemens
1900 855 2108 903 Alexan-

1140 920 1303 969 drinus
1321 921 1402 969 lib.
1417 930 1466 970 6.
1484 921 1827 989 Hypotyposi’cun,
1852 923 1974 990 apud
1992 943 2106 973 eun-

1142 991 1255 1040 dem
1285 989 1539 1040 Eusebium
1568 993 1672 1040 loco
1709 994 1886 1040 citato:
1915 995 1974 1040 D.
2004 999 2108 1062 Cy-

1142 1064 1330 1129 prianus
1361 1060 1442 1109 lib.
1477 1081 1516 1109 1.
1544 1060 1686 1129 Epist.
1709 1065 1763 1120 3.
1783 1068 1912 1126 juxta
1939 1065 2104 1131 vulga-

1141 1144 1239 1178 tam
1266 1132 1472 1179 Manutii
1496 1132 1758 1178 editionem
1774 1167 1789 1188 ,
1818 1137 1950 1191 juxta
1975 1135 2106 1183 illam

1139 1202 1340 1267 Rigaltii
1365 1218 1387 1260 5
1399 1218 1442 1261 5.
1456 1202 1515 1249 ad
1525 1202 1765 1252 Cornelium
1785 1202 1967 1265 Papam:
1990 1204 2107 1252 item

1141 1269 1225 1318 lib.
1245 1290 1292 1333 4.
1317 1269 1460 1336 Epist.
1483 1287 1527 1316 2.
1556 1271 1614 1319 ad
1636 1270 1934 1319 Antonianum
1952 1307 1967 1328 ,
2005 1291 2106 1338 quae

1141 1342 1188 1387 in
1215 1341 1426 1388 editione
1450 1341 1647 1407 Rigaltii
1669 1340 1732 1388 est
1757 1357 1835 1400 52.
1856 1341 1904 1390 ὃς
1930 1338 2010 1387 lib.
2039 1342 2110 1391 De

1138 1415 1305 1460 unitate
1322 1409 1532 1477 Ecclcfiae:
1551 1409 1888 1457 Constantinus
1905 1412 2110 1476 Magnus

1140 1486 1188 1531 in
1207 1482 1525 1533 Constitutione
1548 1479 1608 1527 ad
1629 1480 1913 1541 Sylveflrum
1947 1480 2110 1549 miffm,

1141 1552 1268 1619 apud
1298 1552 1520 1598 Photium
1550 1555 1599 1598 in
1625 1549 1925 1598 Nomocanone
1958 1554 2030 1597 tit.
2061 1555 2105 1599 8.

1139 1641 1180 1670 c.
1203 1640 1220 1669 1
1233 1657 1242 1667 .
1262 1618 1503 1668 Arnobius
1521 1620 1733 1669 adversus
1748 1621 1943 1670 Gentiles
1959 1617 2041 1667 lib.
2060 1637 2105 1666 2.

1142 1691 1407 1738 Laetantius
1424 1690 1685 1735 Firmianus
1709 1690 1779 1738 De
1794 1706 1905 1739 ‘vera
1926 1690 1962 1738 S
1964 1693 2107 1754 apicii«

1139 1764 1223 1816 tia,
1237 1755 1313 1806 seu
1331 1756 1606 1806 Divinarum
1626 1755 1958 1807 Institutionum
1971 1757 2106 1821 lib.4.

1142 1848 1240 1897 cap.
1252 1846 1275 1875 2
1292 1847 1308 1875 1
1321 1863 1330 1872 .
1350 1829 1782 1894 Supramemoratus
1797 1824 2021 1877 Eusebius
2040 1828 2111 1875 di-

1138 1900 1217 1947 ξὶο
1244 1895 1325 1944 lib.
1349 1913 1393 1940 2.
1422 1913 1521 1962 cap.
1551 1910 1729 1958 13.14.
1763 1914 1837 1957 15.
1870 1899 1920 1947 &
1950 1913 2029 1957 25.
2058 1899 2109 1947 ὃ(

1141 1967 1224 2015 lib.
1249 1981 1291 2024 3.
1322 1964 1391 2013 De
1410 1965 1768 2014 demonflratione
1794 1967 2111 2034 EvangelicQ

1139 2056 1240 2105 cap.
1261 2051 1302 2093 5.
1321 2039 1439 2083 acin
1455 2036 1660 2086 Chronico
1680 2054 1798 2084 anno
1822 2054 1868 2083 2.
1887 2037 2107 2094 Claudii,

1138 2110 1187 2159 ὃ(
1214 2107 1300 2154 ult.
1334 2106 1569 2154 Neronis:
1608 2108 1812 2173 Optatus
1841 2106 2106 2156 Melevita·

1140 2196 1225 2226 nus
1259 2191 1402 2223 contra
1432 2176 1720 2226 Donatiffas:
1752 2178 1795 2223 S.
1826 2174 2108 2224 Athanasius

1140 2255 1189 2299 in
1210 2247 1423 2313 Apologia
1448 2242 1737 2314 desugafiia:
1771 2248 1813 2292 S.
1830 2243 2108 2293 Ambrosius

1140 2317 1223 2367 lib.
1242 2331 1284 2374 3.
1309 2335 1408 2384 cap.
1432 2334 1471 2362 1.
1499 2316 1567 2364 De
1585 2316 1897 2364 Sacramentis:
1937 2314 2108 2364 idem-2

1140 2388 1274 2437 serm.
1292 2394 1328 2435 6
1328 2396 1376 2435 6.
1408 2390 1457 2435 ln
1474 2385 1635 2435 Natali
1659 2386 1958 2450 Apoflolorum
1984 2387 2110 2438 Petri

1137 2463 1191 2510 (7
1216 2458 1371 2508 Pauli:
1412 2454 1537 2503 idem
1563 2456 1794 2505 Oratione
1825 2456 1871 2502 in
1907 2458 2107 2504 Auxen-

1137 2530 1260 2576 tium
1285 2527 1337 2576 de
1364 2525 1566 2594 Bastlicis
1597 2543 1679 2572 non
1708 2526 1962 2574 tradendis:
2001 2528 2111 2573 San·

1135 2599 1236 2648 stus
1250 2598 1538 2665 Epiphanius
1553 2611 1696 2644 contra
1707 2596 1993 2664 Carpocrasz'os
2006 2598 2108 2659 Ης-

1136 2665 1222 2719 resi
1254 2685 1334 2727 27.
1373 2666 1564 2715 Sanetus
1585 2669 1792 2734 Joannes
1823 2663 2106 2732 Chrysosto-

1135 2755 1239 2786 mus
1259 2742 1308 2786 t'n
1326 2737 1706 2788 Detnonflratione
1723 2736 1935 2785 adversus
1953 2736 2108 2785 Genti·

1135 2811 1198 2859 les
1216 2807 1326 2877 quod
1339 2808 1544 2859 Chrift'us
1560 2809 1628 2857 εἶτ’
1643 2806 1761 2855 Deus
1780 2825 1790 2853 ε
1818 2808 1933 2855 item
1956 2807 2107 2856 Homi-

1135 2881 1198 2928 lia
1229 2884 1277 2927 in
1293 2878 1450 2945 Pfitlm.
1469 2882 1551 2939 48.
1578 2878 1624 2924 in
1648 2878 1878 2926 comment.
1901 2878 2028 2942 epist.
2051 2876 2111 2923 ad

1134 2949 1346 2999 Romanos
1374 2965 1474 3015 cap.
1505 2956 1580 2994 16'.
1615 2948 1665 2997 &
1687 2948 1733 2993 in
1756 2948 1972 2997 Homilia
1993 2947 2105 2993 ulti-

1134 3036 1212 3065 ma
1227 3054 1242 3075 ,
1265 3015 1344 3065 seu
1366 3032 1388 3074 3
1402 3035 1445 3064 2.
1468 3015 1665 3065 Rufinus
1683 3017 1730 3064 in
1746 3015 1992 3068 Inveffiva
2008 3033 2103 3062 con·

1134 3105 1203 3136 tra
1223 3088 1558 3155 Hieronymum:
1593 3089 1746 3135 Divus
1769 3089 2103 3149 Hieronymus

1133 3159 1181 3206 in
1203 3161 1434 3210 Comment.
1451 3159 1579 3222 epifi.
1594 3158 1655 3206 ad
1674 3157 1853 3206 Galatas
1869 3153 1948 3199 lib.
1962 3171 1979 3199 1
1991 3171 2079 3200 .c.2
2090 3189 2100 3200 .

1131 3230 1299 3279 Paulus
1319 3225 1512 3280 Orofius
1530 3227 1675 3340 lib.S7.
1695 3242 1793 3290 cap.
1810 3230 1858 3273 6.
1875 3222 1925 3272 &
1945 3239 1991 3282 7.
2011 3224 2100 3271 Di-

1689 3310 1714 3340 2
2011 3311 2101 3343 vus
