2425 3747
294 224 319 268 8
334 236 356 263 2

294 284 493 355 pedibus
507 283 811 333 calcabantur
826 318 841 339 ‚
857 284 905 331 ὃ(
922 298 1021 346 quse
1038 292 1093 325 ut
1117 278 1265 345 pluri-

291 354 431 405 mum
446 353 529 403 sub
548 354 627 403 dio
652 350 797 421 posita
815 364 947 399 erant
967 385 974 394 .
1004 351 1115 396 Hoc
1137 350 1270 397 enim

293 428 447 496 operis
472 443 620 493 genus
652 422 788 471 valde
821 418 1037 467 durabile
1071 417 1137 468 est
1165 455 1181 476 ,
1222 420 1273 469 &

292 499 475 561 injuriis
492 509 762 562 temporum
777 491 972 539 minime
987 487 1271 538 obnoxium.

290 572 413 618 ,Non
450 580 609 614 tamen
646 563 897 610 hominum
922 597 938 619 ,
976 573 1058 608 aut
1091 562 1273 608 anima-

296 641 419 688 lium
443 633 610 702 figuras
628 668 645 690 ,
682 629 762 681 sed
782 628 969 681 foliatas
995 629 1184 680 tantum
1203 633 1275 699 pi-

294 709 450 758 ἕλω-εις
463 740 480 762 ,
502 701 688 769 illisque
710 699 970 771 persimiles
984 739 1001 760 ‚
1019 720 1132 769 quas
1154 704 1278 750 Ara-

294 778 424 826 bicas
451 776 783 831 nominamus,
817 770 1206 841 repraesentabat.
1271 766 1275 771 ⁴

369 850 536 914 Opus,
568 845 699 912 quod
729 845 918 897 medium
946 844 1124 893 dicitur
1137 878 1154 900 ,
1189 843 1281 890 mi-

294 915 491 969 nori-bus
508 914 744 983 lapidibus
765 912 1048 974 conficitur3
1075 912 1281 980 ideoque

297 985 480 1039 facilius
506 988 556 1032 in
575 1004 633 1035 eo
654 987 861 1053 exprimi
883 981 1072 1054 pofl‘unt
1090 981 1248 1053 figurae
1263 1019 1280 1041 ‚

297 1078 398 1127 quae
435 1056 549 1104 licet
582 1054 801 1124 lapidum
838 1055 1145 1107 diversorum
1178 1071 1281 1103 cru-

298 1129 406 1186 stis,
435 1124 534 1176 five
558 1124 837 1195 fragmentis
864 1124 1108 1184 formatae,
1141 1125 1282 1175 rudes

290 1195 612 1256 nihilominus
636 1210 867 1265 apparent
884 1234 894 1244 .
924 1201 1036 1247 Duo
1059 1194 1135 1246 hic
1153 1197 1283 1244 illius

288 1268 565 1321 ‚afferuntur
582 1269 801 1336 exempla
820 1291 834 1329 3
853 1266 1067 1337 primum
1087 1270 1134 1315 in
1157 1265 1281 1315 Tab.

301 1342 507 1394 XXXI,
543 1337 627 1387 sub
661 1341 761 1408 Fig.
794 1359 835 1387 1.
866 1354 1092 1406 extatque
1132 1339 1286 1387 adhuc

298 1416 542 1479 integrum
573 1411 621 1457 in
655 1408 852 1458 Balilica
883 1413 926 1458 S.
958 1410 1208 1458 Laurentii
1236 1409 1286 1455 in

288 1500 414 1551 agro
432 1484 648 1542 Verano3
662 1481 871 1529 alterum
886 1479 970 1529 sub
984 1483 1139 1549 Fig.2.
1158 1478 1288 1547 quod

291 1555 415 1610 cum
444 1553 494 1598 in
515 1547 713 1600 Bafilica
734 1550 990 1600 Liberiana
1016 1552 1135 1620 pene
1164 1552 1286 1599 lace-

293 1641 410 1674 rum
430 1619 513 1670 diu
527 1618 766 1683 jacuisset,
783 1641 905 1671 anno
917 1621 1116 1689 Jubilaei
1141 1630 1288 1680 1675.

295 1694 380 1741 bo.
396 1708 494 1738 me.
519 1691 757 1736 Fabritius
779 1687 1110 1738 Guastaferrus
1128 1686 1290 1739 neces-

292 1761 445 1812 sarius
460 1774 595 1806 meus
614 1755 851 1818 restituit3
882 1772 929 1806 at
951 1757 1094 1808 hodie
1113 1761 1292 1808 iterum

298 1833 350 1881 in
371 1832 563 1878 ruinam
584 1826 790 1876 labitur.

299 1944 303 1946 a
374 1898 573 1952 Minimi
590 1895 790 1948 demum
818 1900 975 1965 operis
1005 1892 1290 1960 pervetustis

299 1968 606 2037 ,temporibus
627 1963 860 2014 elaborati
882 2001 898 2022 ,
924 1964 1203 2030 exemplum
1224 1961 1290 2011 est

303 2045 355 2090 in
374 2034 580 2087 Ecclesia
611 2038 656 2084 S.
679 2036 846 2083 Alexii
862 2069 877 2091 9
916 2034 975 2083 ad
1000 2033 1289 2082 dexteram-2

303 2108 685 2178 ingredientium
708 2107 878 2173 parieti
899 2102 1130 2162 affixum,
1161 2104 1291 2170 quod

303 2183 429 2230 olim
456 2181 506 2226 in
524 2178 806 2245 pavimento
832 2172 1087 2223 constitisse
1116 2176 1290 2224 memi-

303 2253 354 2300 ni
375 2272 386 2299 :
417 2250 468 2300 &
487 2249 577 2296 hoc
599 2243 686 2296 esse
711 2245 834 2295 illud
851 2264 969 2314 opus
989 2282 1006 2304 ,
1033 2244 1163 2312 quod
1181 2265 1290 2297 ‘ver-

305 2322 555 2372 miculatum
572 2317 761 2385 proprie
779 2316 959 2365 dicitur
971 2313 1197 2384 ‚semper
1220 2334 1291 2363 ar-

308 2392 512 2440 bitratus
539 2388 644 2436 sum
662 2424 673 2433 .
712 2389 872 2450 Hujus
900 2385 1148 2436 occasione
1177 2405 1291 2453 qua-

310 2478 423 2511 tuor
446 2460 537 2509 alia
553 2460 746 2523 antiqua
760 2493 775 2515 ,
789 2460 838 2508 &
855 2456 1050 2526 profana
1070 2458 1295 2525 exempla

311 2536 360 2581 in
381 2531 587 2600 gratiam
607 2528 819 2577 Lestoris
846 2526 1020 2578 referre
1041 2529 1178 2578 volui
1207 2530 1295 2577 in..‚

313 2601 437 2652 Tab.
455 2602 683 2651 XXXII.
706 2598 789 2647 ubi
809 2596 891 2646 sub
917 2617 1049 2646 num.
1069 2619 1116 2662 4.
1134 2598 1294 2665 supra-

313 2673 501 2722 dietum
525 2671 864 2721 ‘vermiculatum
888 2687 1010 2738 opus
1029 2665 1297 2736 expressum

308 2742 382 2792 cst
402 2779 418 2800 ‚
451 2743 503 2799 ,ἃ
536 2740 690 2788 adhuc
724 2738 895 2788 vifitur
926 2742 971 2786 in
1004 2739 1173 2790 eadem
1205 2742 1296 2788 Ec-

316 2810 453 2862 clefia
475 2814 518 2858 S.
536 2812 701 2860 Alexii
717 2847 728 2857 .
756 2812 869 2859 Alia
891 2810 987 2859 duo
1008 2809 1091 2858 sub
1110 2828 1295 2860 numa.

315 2885 367 2934 ὃς
385 2900 431 2929 2.
450 2877 556 2928 sunt
578 2882 626 2927 in
645 2878 852 2929 Ecclesia
879 2883 923 2929 S.
941 2882 1109 2929 Mariae
1137 2881 1294 2929 Tran-

316 2951 553 3021 styberim
571 2951 617 2997 in
638 2948 864 3017 parastata
878 2987 893 3009 ,
913 2969 1014 3019 quae
1031 2953 1298 3020 triumpha-

317 3026 415 3074 lem
441 3038 604 3070 arcum
631 3018 855 3078 sustinet,
887 3023 911 3068 c}
939 3021 1195 3089 conspeetu
1219 3027 1297 3071 Sa-

319 3095 459 3143 crarii
477 3128 487 3139 .
515 3091 744 3140 Tertium
761 3088 878 3139 vero
896 3088 979 3138 sub
1000 3110 1132 3140 num.
1156 3109 1201 3153 3.
1217 3113 1297 3141 an-

320 3183 381 3213 no
402 3160 558 3230 elapso
581 3167 723 3221 1689.
742 3175 985 3229 repertum
1007 3159 1099 3209 fuit
1118 3165 1166 3210 in
1184 3182 1301 3230 quo·

322 3235 433 3284 dam
464 3234 656 3300 antiquo
687 3233 998 3284 Monimento
1019 3268 1034 3291 ,
1073 3235 1213 3284 tertio
1243 3232 1301 3283 ab

687 212 1126 265 VETERA
1201 207 1915 267 MONIMENTA

1324 279 1461 332 Urbe
1496 279 1654 348 lapide
1682 317 1698 338 ‚
1734 295 1864 330 extra
1903 282 2098 330 Portam
2132 283 2298 333 Afina—

1324 351 1446 397 riam
1461 385 1478 408 ,
1509 369 1634 398 nunc
1651 351 1902 421 &joannis
1930 353 1977 398 in
2002 354 2081 401 via
2101 355 2272 403 Latina
2288 392 2300 404 .

1324 421 1498 488 Figura
1527 422 1602 469 hic
1627 420 1833 490 expreffa
1864 424 2030 470 Somni
2050 423 2123 480 (ni
2140 423 2308 488 fallor)

1327 491 1587 557 imaginem
1617 491 1948 560 repraesentat,
1972 491 2082 541 cum
2099 508 2201 544 tota
2227 497 2303 544 ni-

1326 578 1410 629 gra
1431 558 1488 608 lit
1500 596 1518 618 ,
1531 575 1759 629 tanquam
1775 563 1990 613 alludens
2011 563 2070 613 ad.
2091 565 2309 616 tenebras

1328 631 1510 692 noffifis3
1539 629 1719 682 finistra
1739 646 1870 683 tenet
1887 647 1978 684 tres
1994 634 2135 685 flores
2147 671 2164 694 ,
2189 654 2311 703 quos

1330 704 1579 771 papaveris
1605 701 1692 753 effe
1715 705 1911 766 judico,
1939 703 2160 772 soporem
2194 725 2309 756 con-

1331 774 1566 832 ciliantis,
1590 775 1640 825 δε
1669 772 1777 823 sunt
1803 772 1947 842 ipsius
1968 778 2133 827 Somni
2147 777 2313 826 chara-

1331 839 1583 895 &erismus
1601 881 1612 892 .
1640 845 1776 914 Qid
1805 858 1965 895 autern
1998 845 2198 897 dextera
2223 844 2315 896 fer-

1332 930 1405 966 ret
1420 914 1547 964 haud
1566 929 1761 985 apparet
1772 952 1788 974 ,
1804 914 1917 966 cum
1933 918 2165 986 temporis
2181 914 2317 985 lapsu

1333 988 1551 1038 deletum
1569 985 1650 1036 fit:
1676 988 1726 1037 &
1741 984 1864 1035 forte
1884 1005 2034 1036 cornu
2053 987 2178 1036 illud
2197 999 2318 1045 erat,

1333 1062 1383 1111 in
1400 1075 1498 1126 quo
1520 1075 1693 1125 aquam
1718 1059 1959 1107 Lethaeam
1975 1055 2163 1126 gestasse
2197 1059 2315 1107 Poe-

1337 1145 1392 1180 tae
1412 1127 1717 1177 fabulantur.
2004 1178 2007 1180 ,

1372 1216 1375 1220 ·
1441 1201 1619 1249 Allatis
1651 1200 1883 1267 exemplis
1919 1199 2151 1249 nonnulla
2187 1197 2321 1245 alia..

1339 1273 1488 1321 etiam
1510 1269 1695 1319 vetusta
1712 1270 2060 1336 adjician]‚quae
2077 1267 2190 1317 etim
2210 1285 2323 1335 pau-

1335 1339 1533 1391 ciffimis
1563 1354 1677 1389 nota
1708 1338 1798 1388 sint
1808 1377 1824 1399 ,
1855 1341 1964 1389 ideo
1982 1341 2196 1410 gratiora
2221 1336 2323 1387 fore

1342 1410 1531 1462 confido
1550 1447 1561 1459 .
1600 1412 1819 1460 Primum
1848 1409 1990 1460 habes
2022 1412 2071 1458 in
2093 1408 2325 1458 Tabula...

1343 1485 1600 1536 XXXIII.
1615 1480 1698 1531 ubi
1715 1485 1959 1551 Europam
1974 1483 2212 1550 Agenoris
2228 1484 2324 1528 Re-

1340 1557 1410 1624 gis
1429 1555 1683 1602 Phoeniciae
1704 1551 1855 1601 filiam
1868 1590 1885 1612 ‚
1903 1556 2063 1623 aJove
2085 1553 2134 1598 in
2151 1550 2328 1599 bovem

1342 1622 1676 1674 transformato
1709 1637 1897 1693 raptam
1925 1622 2087 1671 vides:
2122 1619 2254 1688 quod
2269 1637 2329 1669 ex

1343 1692 1530 1745 Ovidio
1552 1694 1817 1744 Metamor.
1839 1692 1924 1742 lib.
1947 1711 1993 1741 2.
2015 1688 2216 1753 aliisque
2247 1706 2329 1736 no-

1344 1760 1577 1811 tiffimum
1596 1758 1662 1809 est
1679 1793 1689 1805 .
1711 1757 1968 1807 Mufivum
1987 1759 2080 1804 hoc
2099 1755 2220 1808 adeo
2239 1758 2332 1803 mi-

1343 1834 1472 1881 nutis
1499 1828 1777 1878 marmoreis
1805 1827 1984 1894 lapillis
2019 1824 2202 1875 constat
2225 1863 2241 1884 ,
2278 1839 2332 1874 ut

1343 1904 1457 1951 artis
1476 1898 1766 1949 miraculum
1787 1896 1883 1944 dici
1902 1894 2043 1963 poffit
2061 1932 2072 1940 .
2100 1896 2332 1946 Habetin

1343 1965 1602 2016 altitudine
1618 1966 1799 2034 palmos
1815 1979 1935 2024 tres,
1955 1969 2117 2014 uncias
2130 1984 2332 2024 novem,

1345 2057 1397 2087 ac
1417 2039 1467 2085 in
1485 2036 1742 2085 latitudine
1776 2035 1875 2085 fere
1895 2035 2182 2087 tantundem
2200 2073 2210 2083 .
2241 2035 2333 2086 As-

1346 2108 1564 2158 servatur
1589 2110 1637 2154 in
1659 2104 1836 2156 aedibus
1852 2105 2178 2156 Excellentiss.
2200 2108 2333 2155 Prin,

1344 2181 1463 2248 cipis
1492 2176 1773 2236 Barberini,
1807 2179 1857 2228 &
1891 2181 2076 2244 quaqua
2109 2177 2229 2226 libet
2261 2179 2333 2225 in-

1345 2249 1436 2299 star
1464 2247 1636 2298 tabulae
1663 2249 1800 2316 ρίἑὶεε
1829 2262 2060 2297 movetur
2087 2285 2097 2295 .
2138 2245 2332 2316 Signifi-

1345 2322 1479 2370 cavit
1510 2318 1644 2368 nobis
1676 2322 1856 2369 amicus
1887 2315 2044 2366 noster
2070 2321 2335 2386 Stephanus

1347 2398 1588 2442 Fantonus
1605 2387 1904 2438 Castruccius
1916 2425 1932 2446 ,
1960 2386 2133 2438 nobilis
2151 2390 2335 2437 Praene-

1348 2462 1523 2518 stinus,
1560 2473 1810 2527 repertum
1837 2455 1972 2507 fuisse
2006 2462 2154 2526 prope
2191 2459 2334 2508 Civi-

1349 2535 1460 2582 tatis
1486 2532 1665 2579 moenia
1681 2565 1697 2585 ,
1736 2533 1785 2578 in
1810 2531 1918 2580 loco
1933 2565 1949 2588 ,
1978 2531 2064 2595 qui·
2088 2528 2237 2598 vulgo
2264 2526 2336 2575 di-

1350 2607 1476 2652 citur
1503 2602 1752 2651 l'Arcione:
1793 2599 1876 2649 ubi
1904 2601 2052 2650 etiam
2074 2602 2229 2648 multa
2253 2615 2334 2646 ru-

1351 2675 1461 2724 dera
1480 2706 1497 2727 ,
1522 2673 1780 2738 multaeque
1809 2672 2052 2739 parietinae
2081 2667 2335 2724 visuntur,

1349 2762 1451 2813 quae
1480 2741 1740 2809 antiquitus
1765 2743 1914 2790 variis
1933 2757 2235 2789 marmorum
2264 2740 2335 2785 in-

1351 2811 1717 2864 crustationibus
1740 2848 1756 2869 ‚
1796 2809 2034 2877 variisque
2066 2810 2337 2866 columnis,

1349 2881 1545 2949 aliisque
1574 2882 1899 2932 Corinthiacis
1932 2883 2222 2931 ornamentis
2252 2876 2336 2927 ob-

1351 2954 1504 3004 ductae
1534 2967 1701 3011 erant,
1736 2953 1863 3002 unde
1888 2958 1985 3016 ejus
2013 2949 2202 3001 fabricae
2230 2967 2334 2997 ma-

1350 3022 1623 3096 gnificentia
1652 3023 1911 3073 deducitur
1932 3060 1943 3071 .

1440 3095 1710 3144 Secundum
1738 3092 1993 3143 Mufivum
2023 3110 2212 3160 expono
2248 3092 2335 3138 ΞΠ.»

1355 3165 1478 3214 Tab-
1494 3169 1748 3216 XXXIV.
1764 3164 1848 3214 sub
1865 3183 1998 3212 num.
2023 3183 2063 3212 1.
2087 3166 2199 3212 Hoc
2217 3179 2335 3227 quo·-

1357 3238 1445 3304 que
1476 3235 1799 3288 minutissimis
1831 3236 2006 3305 lapillis
2031 3233 2339 3305 compactum

2270 3297 2339 3350 est
