2425 3747
362 248 424 294 322

354 309 479 358 βολον
518 299 548 351 r?
581 296 635 351 ⁶¹4⁴?
662 302 902 373 Hganm'as
932 305 1066 348 οἰλκῆς
1085 335 1094 344 .
1127 297 1174 354 ἐξ
1203 302 1339 350 &aava

357 369 461 428 stay)
479 374 552 422 τοῖς
570 371 696 420 ἄλλων
716 375 850 432 πίφοις
867 367 1027 417 λιθίνες
1045 370 1207 429 ἔφες-εἷα
1221 371 1338 417 λε’ων-

356 465 422 492 σας
441 481 453 493 .
487 445 712 498 Herculem
739 444 941 509 (inquit)
968 439 1180 493 devorato
1194 448 1221 493 ὰ
1239 441 1333 492 Ne-

354 537 474 569 meto
494 517 634 568 Leone
656 517 796 583 digito
821 529 901 560 uno
920 546 936 568 ,
973 529 1131 564 novem
1164 514 1333 563 dumta-

353 606 436 639 καί
454 590 618 657 digitos
635 583 822 650 habuiffi’
836 617 851 639 ,
887 598 1112 653 extareque
1127 588 1336 635 tumulum

351 661 497 727 digiti
515 655 669 722 avulfi'
680 675 690 702 :
729 656 813 702 alii
830 669 972 702 tamen
997 657 1244 708 Pafiinacae
1263 660 1332 720 pi-

343 732 440 801 scis
453 729 590 777 aculeo
603 725 793 794 digitum
809 725 1002 793 amiffiaem
1015 724 1198 796 strunt.
1231 726 1337 777 Leo,-

354 818 453 851 nem
471 801 579 850 vero
604 815 660 844 ex
686 795 831 861 lapide
857 794 1144 849 Lacedemone
1174 798 1336 848 ‘videre

351 869 424 918 et?
437 902 452 924 ,
470 867 609 936 digiti
625 868 785 916 tumulo
801 866 1039 935 impositum
1052 906 1068 927 ‚
1083 869 1335 936 Symbolum

347 941 567 988 §timirum
601 935 803 987 Herculei
837 937 1032 989 roboris.
1073 940 1207 992 Unde
1247 958 1336 987 mos

352 1012 551 1061 inolevit
564 1044 580 1065 ,
600 1012 648 1056 in
662 1010 918 1075 reliquorum
939 1016 1093 1080 quoque
1094 1011 1337 1079 sepulchris

353 1080 546 1145 lapideos
568 1079 760 1128 {latuere
778 1078 939 1134 Leones
960 1117 971 1127 .

427 1150 630 1216 Elegans
665 1151 813 1195 etiam
845 1148 987 1198 hodie
1024 1149 1335 1218 sarcophagus

354 1214 527 1269 vifitur
557 1218 605 1264 in
626 1218 745 1266 villa
773 1218 1168 1269 Excellentiffimi
1188 1222 1335 1270 Ducis

352 1287 595 1339 Matthaeii
612 1323 629 1346 ,
668 1287 751 1336 ubi
782 1287 888 1337 sunt
916 1291 1013 1340 duo
1040 1293 1221 1341 Leones
1241 1288 1334 1339 sar·

353 1359 627 1427 cophagum
663 1355 821 1425 ipsum
857 1358 1134 1411 sustinentes
1155 1398 1169 1419 ,
1205 1366 1337 1419 cuius

353 1430 604 1496 exemplar
632 1425 778 1478 refert
799 1431 1001 1497 Sponius
1037 1435 1083 1480 in
1112 1432 1203 1480 suis
1234 1431 1337 1482 Mi-

343 1502 534 1570 scellan.
568 1499 743 1550 eruditae
774 1505 1090 1570 antiquitatis,
1126 1502 1248 1552 Sect.
1292 1519 1337 1549 2.

310 1590 313 1594 ·
354 1583 446 1619 art.
467 1588 516 1630 9.

425 1641 599 1688 Praeter
622 1641 766 1690 allata
786 1643 889 1693 loca
910 1680 925 1702 ‚
958 1646 1007 1692 in
1026 1642 1198 1708 quibus
1219 1645 1338 1693 Leo-

353 1729 474 1759 num
491 1708 738 1759 fimulacra
754 1713 911 1763 locare
929 1716 1208 1781 Antiquitas
1226 1732 1337 1763 con-

353 1779 545 1836 suevit,
576 1781 785 1829 alterum
816 1783 1092 1832 subnectam
1111 1819 1127 1841 ,
1163 1786 1212 1831 in
1243 1801 1338 1850 quo

350 1851 561 1900 Romani
578 1849 798 1899 Leonum
816 1855 973 1921 capita
992 1854 1259 1920 insculpere
1280 1853 1339 1902 ad

349 1933 579 1969 ornatum
614 1917 859 1969 solebant.
899 1925 1017 1970 Haec
1049 1924 1152 1969 loca
1187 1922 1336 1969 tedio·-

353 2007 468 2039 rum
503 2006 689 2037 coronae
723 2004 858 2038 erant
875 2025 890 2047 ,
914 1992 939 2038 ὲ
958 1991 1128 2057 quibus
1150 1988 1339 2038 fortiff-

351 2077 444 2109 mae
471 2058 607 2121 hujus
647 2060 824 2109 Belluae
855 2078 937 2110 ora
967 2060 1304 2128 prominebant
1323 2096 1338 2118 ,

755 230 1191 286 VETERA
1265 229 1974 286 MONIMENTA

1391 303 1697 355 Translatione
1727 307 1926 358 Vaticani
1943 304 2162 374 Obelisci,
2185 322 2371 356 necnon
2423 357 2425 360 Α

1389 375 1600 424 Michael
1624 379 1866 425 Mercatus
1887 375 2161 433 historicus,
2176 377 2226 427 &
2242 383 2370 426 Fon-

1388 457 1502 493 tanae
1523 445 1819 513 synchronus
1838 483 1854 505 ,
1885 449 1931 495 in
1951 443 2035 495 suo
2059 447 2130 497 De
2149 448 2368 517 Obeliscis

1387 516 1529 566 Romae
1547 552 1563 574 ‚
1599 518 1655 566 n&
1673 516 1878 566 minimi
1898 517 2097 586 quidem
2119 521 2372 568 mentione

1389 588 1565 636 Leones
1597 605 1682 655 pro
1719 586 1815 635 basi
1848 591 1897 636 in
1930 588 2104 638 eodem
2139 586 2372 639 obelisco

1388 657 1647 724 antiquitus
1678 655 1851 725 pofitos
1876 661 2159 728 attigerint3
2190 659 2371 707 nihilo·

1387 726 1789 796 minusJannotus
1807 731 2020 778 Manetti
2051 731 2122 781 De
2150 731 2285 786 Vita,
2316 732 2372 779 da·

1387 800 1541 850 Gest'is
1575 797 1755 849 Nic-olai
1779 801 1828 851 V-
1869 799 1929 848 de
1966 799 2060 846 illis
2097 802 2376 849 luculenter

1386 871 1610 919 meminit
1633 905 1644 916 .
1685 874 1729 919 Is
1761 871 1890 918 enim
1921 872 1969 917 in
1996 866 2080 918 suo
2102 870 2337 919 Tra&atu
2358 905 2375 927 ‚

1388 943 1470 1009 qui
1498 944 1556 990 M
1573 942 1616 987 S.
1639 937 1854 989 servatur
1873 942 1921 988 in
1941 938 2243 990 Bibliotheca
2263 944 2375 989 Me-

1389 1014 1524 1062 dicea
1539 1048 1555 1071 ‚
1575 1029 1626 1058 ac
1649 1012 1795 1058 etiam
1813 1014 1861 1058 in
1877 1014 2114 1062 Vaticana
2133 1011 2218 1060 sub
2240 1028 2374 1059 num.

1393 1102 1417 1132 2
1430 1093 1545 1147 046.
1567 1079 1629 1130 fic
1649 1083 1737 1129 ait:
1757 1080 1811 1130 In
1830 1083 1909 1130 hac
1926 1084 2180 1150 ampliſjima
2194 1119 2210 1140 ,
2228 1085 2283 1133 (α’
2304 1101 2375 1129 or-

1390 1154 1607 1221 natfflma
1634 1169 1732 1201 area
1757 1187 1772 1209 ,
1815 1156 1871 1202 &⁵
1900 1170 1947 1201 ut
1978 1154 2119 1203 Graeci
2145 1154 2376 1221 exprfftis

1388 1228 1540 1277 dicunt
1553 1261 1568 1282 ,
1586 1226 1742 1275 Platea
1757 1258 1773 1280 ,
1801 1223 2138 1293 ingentffmum
2153 1226 2279 1272 illum
2293 1259 2310 1282 ,
2329 1240 2377 1270 ac

1388 1301 1626 1347 maximum
1646 1293 1892 1361 Obeltscum
1907 1331 1922 1352 ,
1949 1299 1998 1343 in
2022 1295 2111 1362 ipso
2126 1312 2228 1343 areae
2243 1294 2377 1343 medi-

1389 1371 1516 1419 tullio
1531 1404 1546 1425 ,
1562 1373 1582 1417 ἑ
1601 1370 1771 1433 regione
1787 1366 1846 1414 ad
1858 1367 2161 1415 intermediam
2169 1365 2377 1430 praediiii

1391 1438 1615 1489 ‘vestibuli
1625 1451 1794 1502 portam
1811 1473 1827 1494 ,
1865 1441 1912 1484 in
1938 1438 2050 1485 hunc
2080 1439 2248 1485 modum
2269 1438 2373 1499 pul-

1393 1512 1601 1559 cherrime
1611 1507 1753 1577 simul
1763 1542 1779 1564 ,
1811 1524 1934 1575 atque
1949 1507 2222 1574 devottffime
2249 1507 2375 1554 collo-

1394 1580 1517 1630 cabat
1533 1604 1546 1642 3
1565 1597 1663 1628 nam
1672 1595 1750 1644 pro
1767 1595 1943 1645 quatuor
1953 1578 2126 1646 pufillis
2139 1614 2156 1635 ,
2176 1578 2376 1644 aeneis'que

1393 1651 1638 1706 Leonibus,
1665 1648 1814 1717 quibus
1835 1651 2017 1717 Colqffiis
2042 1649 2130 1716 ipse
2159 1665 2268 1696 nunc
2290 1660 2374 1710 pro

1391 1722 1559 1792 bastbus
1573 1757 1588 1778 ,
1616 1737 1663 1766 ac
1671 1721 1986 1788 sustentaculis
2000 1752 2015 1774 ‚
2031 1720 2178 1784 paullo
2184 1719 2372 1785 superfi-

1393 1798 1456 1842 cie
1468 1795 1559 1859 fili
1580 1788 1806 1839 altioribus
1821 1825 1837 1846 ,
1871 1794 2040 1847 utitur,
2077 1804 2252 1857 quatuor
2281 1803 2372 1835 ma·

1386 1880 1498 1929 guas
1513 1861 1693 1912 totidem
1709 1860 2103 1927 Evangelis‘iarum
2119 1860 2298 1909 Statuas
2316 1877 2372 1907 ex

1378 1932 1523 2000 solido
1538 1966 1552 1986 ,
1577 1927 1887 1996 liquefac‘hque
1907 1948 1980 1978 aere
1994 1947 2042 1978 tn
2058 1930 2274 1979 flaturam
2291 1930 2372 1976 hu-

1391 1996 1805 2067 manamfhbrefaii&
1824 1998 2028 2066 conflatas
2042 2035 2056 2056 ,
2084 2004 2133 2048 in
2137 2001 2371 2068 superficie

1379 2073 1473 2141 soli
1484 2109 1499 2129 ,
1525 2069 1797 2120 dift'antibus
1811 2075 1928 2118 inter
1935 2072 1987 2136 s}
1994 2067 2343 2134 proportionibus
2355 2103 2372 2125 ,

352 2127 770 2196 erumpebantque
789 2148 848 2179 CX
869 2149 1038 2180 e0fum
1059 2134 1182 2182 ristu
1201 2150 1334 2180 cana·
1376 2144 1613 2213 secundum
1659 2140 1814 2206 Coloffi
1844 2140 2123 2189 latitudinem
2158 2138 2372 2205 ponebat3

355 2201 423 2249 108
443 2234 458 2257 2
479 2216 561 2267 Per
578 2217 693 2266 qUOS
714 2219 843 2268 aquae
863 2203 1100 2269 PlUVialeS
1119 2205 1333 2252 COsl'iva·
1378 2216 1506 2285 super
1531 2210 1682 2283 quibus
1706 2214 1826 2259 aeneis
1859 2210 2051 2267 Statuis,
2081 2209 2274 2278 diverfis
2298 2214 2369 2257 in·

355 2267 531 2317 bantur
545 2305 555 2316 .
597 2271 788 2319 Harum
807 2289 895 2340 ego
914 2273 1200 2323 coronidum
1221 2293 1336 2323 non-

353 2340 509 2387 nullas
536 2341 752 2406 antiquas
783 2343 807 2390 ὲ
827 2360 1069 2394 marmore
1090 2342 1338 2413 spectasse„

354 2411 557 2458 memini
575 2446 592 2468 ,
626 2411 676 2460 ὃ(
698 2411 853 2460 adhuc
871 2414 1088 2479 quaedam
1108 2417 1338 2466 videntur

354 2481 405 2529 in
424 2484 548 2529 Foro
571 2483 743 2531 Boario
758 2518 774 2539 ,
805 2482 958 2532 tribus
982 2486 1219 2536 columnis
1241 2492 1338 2540 Co-

353 2551 521 2602 rinthii
550 2550 730 2599 ordinis
753 2549 1126 2622 superimpofitae
1147 2596 1162 2616 ,
1194 2567 1338 2632 prop&

357 2618 619 2669 Ecclesiam
646 2623 689 2668 S.
713 2623 881 2670 Mariae
902 2623 1206 2676 Liberatricis
1228 2666 1240 2677 .

429 2692 661 2739 Praeterea
681 2690 800 2740 adeo
819 2689 977 2741 ufitati
1009 2697 1134 2763 apud
1156 2702 1332 2751 Roma-

355 2776 440 2806 nos
470 2762 517 2806 in
546 2757 859 2809 aedificiorum
888 2767 1130 2817 ornatibus
1153 2771 1334 2823 Leones

354 2827 507 2886 fuere,
521 2844 574 2877 ut
594 2832 642 2877 in
654 2831 998 2898 Pyramidibus
1017 2837 1120 2888 loco
1135 2839 1333 2903 bafium,

354 2895 454 2948 slve
473 2900 684 2948 talorum
704 2935 721 2960 ,
756 2921 872 2967 quos
893 2911 1110 2957 nonnulli
1132 2909 1329 2981 astraga-

354 2968 427 3018 los
444 2983 621 3019 vocant
639 3004 655 3026 ,
692 2970 831 3038 politi
856 2974 1035 3025 fuerint
1056 3015 1066 3026 .
1107 2981 1328 3033 Pulcher-

356 3040 536 3089 rimum
572 3052 674 3090 erat
702 3048 981 3112 exemplum
1013 3050 1060 3096 in
1089 3054 1326 3104 Vaticano

353 3109 611 3168 obelisco,
648 3125 903 3179 antequam
923 3117 947 3164 ὲ
966 3113 1047 3168 suo
1068 3121 1175 3170 loco
1194 3143 1326 3175 amo-

354 3194 555 3230 veretur
573 3202 584 3229 :
612 3181 663 3231 &
681 3187 902 3248 quamvis
913 3188 1196 3241 Dominicus
1208 3199 1328 3243 Fon-

355 3261 464 3299 tana
489 3251 794 3304 Architeeius
820 3256 869 3306 in
895 3256 980 3309 suo
1002 3259 1233 3314 TraCtatu
1258 3267 1329 3318 De

1390 2291 1537 2334 ‘vicem
1545 2286 1711 2351 figuris
1727 2318 1743 2340 ,
1764 2287 1900 2344 juxt&
1917 2285 2073 2329 varias
2091 2283 2368 2349 cujuscunque

1382 2358 1566 2424 persbnae
1601 2354 1863 2402 conditiones
1888 2352 2212 2417 perpolitiſjime
2246 2352 2366 2418 scul-

1381 2431 1477 2493 ptis
1493 2461 1508 2482 ,
1537 2425 1726 2492 Coloffiea
1747 2423 1872 2470 moles
1880 2421 2245 2487 fitfientabatur:
2275 2426 2364 2470 iza„

1378 2500 1633 2566 summitate
1665 2499 1773 2543 ‘vero
1805 2491 1936 2559 ipfius
1965 2493 2122 2558 Coloffi
2151 2495 2366 2541 alteram„

1393 2570 1512 2636 GJefii
1524 2566 1678 2618 ChriH
1680 2570 1698 2613 i
1711 2563 1744 2611 S
1747 2564 1965 2610 alvatoris
1983 2565 2125 2612 nos‘iri
2135 2565 2337 2613 Statuam
2348 2599 2366 2620 ,

1389 2640 1566 2687 dextera
1583 2652 1708 2683 manu
1723 2650 1888 2681 auream
1903 2634 2075 2682 Crucem
2094 2633 2336 2698 bajulantis
2347 2668 2364 2690 ,

1389 2729 1443 2758 ex
1457 2727 1530 2756 aere
1543 2702 1772 2772 conftiiam
1787 2739 1802 2761 ,
1818 2704 2164 2751 accommodabat.
2182 2703 2363 2752 Haste-

1386 2796 1470 2826 nus
1507 2780 1752 2825 Manettus
1779 2811 1789 2821 .
1839 2777 1943 2823 Cur
1977 2787 2139 2823 autem
2180 2770 2360 2841 praefati

1386 2849 1628 2897 Mercatus
1646 2880 1662 2901 ,
1700 2846 1748 2894 &
1771 2849 1980 2892 Fontana
2001 2861 2104 2893 rem
2125 2843 2216 2893 suis
2235 2856 2356 2891 tem-

1384 2917 1576 2986 poribus
1592 2913 1880 2963 notiffimam
1901 2911 2143 2972 filvcrint‚
2160 2911 2263 2960 sane
2282 2930 2362 2961 ne-

1383 2989 1478 3036 scio
1492 3009 1503 3036 :
1517 3000 1564 3035 at
1583 2984 1618 3034 fi
1638 2988 1872 3047 conjicere
1896 2986 2232 3052 permittatur,
2250 3000 2360 3031 cen-

1380 3057 1531 3107 serem
1567 3074 1646 3105 eos
1682 3055 1794 3105 ideo
1823 3057 2037 3106 Leonum
2074 3052 2324 3103 fimulacra
2343 3089 2360 3111 ,

1381 3126 1616 3186 eiusmodi
1638 3128 1947 3176 monimentis
1965 3122 2123 3172 multo
2143 3137 2251 3172 ante
2272 3123 2357 3171 ad-

1381 3199 1480 3248 dita
1500 3235 1516 3256 ‚
1554 3193 1828 3247 conticuisse
1846 3232 1862 3254 ,
1899 3209 1954 3243 ut
1971 3195 2176 3243 credulae
2200 3191 2354 3262 poste-

1378 3270 1509 3317 ritati
1529 3266 1806 3325 suaderent,
1837 3265 1882 3316 se
1906 3267 1985 3313 illa
2014 3267 2193 3334 priores
2213 3281 2352 3313 exco-

2204 3331 2351 3403 gitas-
