2482 3742
720 252 760 302 C
827 248 873 300 Α
912 249 915 253 ’
944 250 983 302 Ρ
1056 249 1103 302 U

112 320 387 372 aedificatam
417 315 675 371 Ecclesiam
705 316 877 373 referat
896 355 912 376 ,
947 319 1077 387 quod

111 388 406 461 inscriptioni
444 389 674 456 praedidiae
703 402 976 457 repugnat;
1021 407 1079 439 ex

112 480 166 512 ea
197 479 397 527 namque
425 454 767 509 Praedecefforis
800 460 927 509 illius
954 473 1076 509 teme
1133 485 1136 486 ⁷

109 549 226 600 pore
259 528 521 582 construst-‘a
551 529 744 579 videtur
767 550 780 577 ε
817 527 1078 587 secundus,

110 600 222 649 cum
240 604 433 661 Petrum
455 605 552 663 ejus
573 597 875 649 fundatorem
892 599 1080 668 Episco-

112 689 228 739 pum
254 671 412 729 dicat,
440 668 823 737 quandoquidem
854 671 902 717 in
921 671 1079 718 inseri*

111 743 275 808 ptione
295 740 548 808 Presbyter
568 737 698 797 urbis
714 743 979 808 appellatur
993 776 1009 798 ,
1035 742 1085 790 Sc

112 808 239 861 urbis
265 811 540 878 Presbyteri
559 829 652 861 non
669 810 889 879 Episcopi
919 824 1083 867 erant,

112 876 192 928 fed
218 882 439 932 Parochi:
474 880 600 933 unde
626 882 774 949 igitur
790 881 952 930 Petrus
969 882 1084 951 Epi-.-

113 947 308 1018 scopus?
386 954 388 956 ’

184 1019 491 1092 Ipsaquoque
511 1020 751 1091 inscriptio
767 1021 974 1071 notanda
992 1019 1086 1076 est,

109 1107 214 1164 quae
246 1092 304 1143 ab
333 1095 504 1145 eodem
533 1096 672 1143 Petro
710 1091 857 1161 posita
889 1091 1087 1139 minime}

114 1159 238 1221 luit,
271 1164 381 1214 cum
415 1165 538 1215 recta
567 1162 829 1230 prudentiae
858 1164 980 1210 ratio
1009 1178 1087 1209 ne-

113 1234 233 1279 mini
249 1230 337 1283 fibi
358 1233 445 1302 ipsi
467 1233 657 1283 laudem
683 1233 795 1279 dare
817 1233 1088 1297 permittat,

112 1320 224 1349 nam
244 1302 360 1354 Laus
377 1308 426 1354 in
440 1323 508 1353 ore
520 1305 694 1369 proprio
707 1301 917 1370 sbrdescit
935 1321 945 1347 :
978 1301 1087 1351 Pro-

117 1370 252 1420 verb.
286 1391 367 1433 27.
396 1374 594 1441 Legitur
627 1373 776 1421 etiam
809 1371 859 1416 in
894 1369 1087 1418 eadem:

114 1442 267 1496 Petrus
299 1439 383 1495 ‘vir
421 1448 588 1492 nomine
619 1459 739 1494 tanto
775 1441 963 1509 dignus,
996 1445 1085 1489 ἕνα.

112 1513 375 1578 Pauperibus
393 1516 572 1582 locuples
591 1549 606 1571 ,
629 1513 722 1583 fibi
732 1526 893 1578 pauper
911 1531 923 1558 :
959 1508 1087 1577 quod

113 1583 327 1650 elogium
348 1587 476 1634 cert&
503 1583 598 1652 ipse
618 1586 784 1633 Petrus
803 1598 1085 1647 nunquam-2

114 1652 368 1721 apposuit,
397 1654 478 1703 sed
505 1652 661 1722 potitis
690 1659 788 1716 ejus
816 1648 1053 1699 Successor
1071 1686 1087 1707 ,

116 1726 197 1788 qui
216 1726 362 1774 etiam
380 1743 494 1793 opus
511 1722 717 1773 absolvit
735 1758 751 1779 ,
776 1720 885 1769 cum
902 1722 981 1769 ille
995 1716 1090 1769 for--

117 1788 226 1845 taffe
244 1807 398 1843 morte
414 1807 678 1863 praeventus
701 1793 922 1839 ultimam
939 1792 979 1839 ei
996 1807 1089 1838 ma-

116 1880 235 1911 num
256 1865 496 1932 imponere
516 1882 608 1912 non
629 1864 864 1931 potuerit.
896 1864 1000 1909 Nec
1019 1875 1087 1907 ta-

113 1951 227 1986 men
254 1935 569 2002 incongruum
598 1951 703 1983 reor
733 1929 924 1980 asserere
941 1966 956 1988 ,
991 1931 1085 1978 elo-

117 2006 253 2072 gium
287 2005 406 2052 illud
435 2005 643 2071 aliquem
681 2021 740 2052 ex
766 1999 1087 2050 restauratori-

117 2074 202 2126 bus
217 2109 232 2131 ‚
262 2092 375 2140 quos
401 2071 520 2124 infra
544 2071 771 2132 referam,
801 2067 1056 2140 apposuisse
1075 2105 1085 2115 .

201 2142 419 2197 Ulterius
443 2144 764 2213 praetereunda
789 2161 884 2190 non
903 2139 967 2191 est
994 2142 1084 2188 alia

118 2211 388 2265 observatio
404 2248 419 2272 ,
444 2214 674 2265 videlicet
695 2215 890 2263 Petrum
912 2211 1051 2260 istum
1069 2246 1086 2266 ,

117 2288 363 2354 egregium
411 2299 550 2353 atque
593 2283 844 2333 sublimem
885 2284 1047 2331 virum
1070 2315 1087 2336 ,

116 2352 249 2406 fuisse
272 2374 329 2404 ex
346 2370 487 2424 gente
504 2357 734 2424 Illyric-a,
757 2373 808 2402 ac
826 2356 874 2400 in
890 2352 1087 2400 Patriar-

118 2425 225 2474 chio
242 2423 557 2483 Lateranenfi,
574 2421 718 2473 autin
736 2426 892 2491 aliquo.
908 2441 965 2472 ex
981 2425 1089 2470 Mo-

117 2494 324 2545 nasteriis
354 2496 479 2564 apud
495 2498 781 2546 Vaticanam
798 2491 1085 2543 Basilicam-a

117 2563 424 2624 construcstis‚
452 2565 734 2626 educatum3
762 2579 815 2613 ut
842 2565 1087 2632 colligitur

118 2653 176 2685 ex
200 2635 357 2684 verbis
382 2658 393 2686 :
431 2637 606 2687 Chr—iffi
637 2641 821 2686 nutritus
848 2641 895 2685 in
920 2637 1086 2684 aula-,z

119 2723 216 2754 nam
236 2721 315 2773 per
334 2709 471 2756 aulam
486 2708 666 2758 Christi
687 2724 837 2755 unum
862 2723 921 2755 ex
949 2705 1086 2753 diffis

118 2778 232 2826 locis
274 2778 489 2845 intelligo
526 2780 690 2825 Romae
738 2773 1040 2825 existentibus
1071 2809 1086 2831 ,

118 2866 217 2914 quae
243 2848 424 2899 Chrifli
443 2850 538 2897 aula
562 2847 655 2895 dici
685 2846 834 2915 potest
851 2882 867 2903 ‚
903 2844 1011 2893 cum
1041 2847 1088 2892 in

119 2935 173 2966 ea
203 2917 378 2966 Christi
406 2920 629 2968 Vicarius
656 2915 879 2966 resideat.
910 2919 1085 2979 Conje-

118 2987 303 3038 &uram
326 2989 443 3036 hanc
471 2988 622 3036 educo
643 3007 700 3037 ex
722 2984 984 3036 Pontificali
1005 2987 1084 3032 Li-

121 3055 205 3106 bro
223 3093 240 3115 ,
266 3058 350 3106 ubi
374 3060 575 3126 legimus
593 3059 747 3125 plures
762 3053 1009 3105 Pontifices
1028 3073 1086 3104 ex

101 3124 289 3176 >iisdem
316 3129 433 3177 locis
461 3126 520 3175 ad
548 3128 674 3181 Petri-
705 3127 979 3178 cathedram
1010 3144 1083 3174 re-

119 3195 322 3264 gendam
338 3198 526 3249 eveuos
541 3192 672 3245 fuiffe
684 3232 701 3253 ,
716 3212 770 3246 ut
785 3197 1010 3246 habemus
1026 3195 1084 3244 de

122 3265 379 3318 Benedifto
405 3273 470 3320 II.
511 3268 747 3334 Gregorio
781 3273 848 3318 Il.
889 3267 1081 3334 Stepha-

188 3337 326 3387 Pazal.

1179 247 1224 299 T
1327 243 1382 298 Χ
1396 244 1448 297 Χ
1459 242 1496 296 Ι.
2004 252 2029 295 i
2041 255 2065 298 8
2076 268 2100 306 7

1131 338 1190 368 no
1218 322 1310 369 III.
1338 319 1482 366 Paulo
1500 319 1539 369 I.
1562 316 1722 367 Leone
1737 317 1832 363 ΠΙ.
1851 313 1975 364 &de
1995 319 2098 365 aliis

1132 388 1346 459 pluribus
1367 425 1379 435 .

1200 460 1376 522 Majori
1407 472 1564 506 tamen
1590 452 1997 504 animadversione
2027 455 2102 502 di-

1132 548 1282 599 gnum
1312 525 1528 578 existimo
1553 525 1813 577 secundum
1841 542 2068 574 carmen„
2088 532 2108 583 ,³

1133 617 1305 666 nempe
1326 620 1338 649 τ

1206 672 1382 721 Primus
1412 672 1466 719 (θ’
1491 674 1538 717 in
1564 685 1650 717 toto
1664 667 1860 742 fulgeret
1882 666 2108 739 Episcopus-J

1282 739 1396 788 Orbe
1417 775 1427 785 .

1140 810 1235 857 haec
1254 812 1382 858 enim
1408 826 1505 857 vox
1525 811 1699 861 Primus
1722 806 2007 856 Pontificum
2028 824 2107 857 or·-

1137 880 1302 928 dinem
1331 878 1454 927 haud
1472 878 1664 948 respicit
1683 915 1698 936 ,
1735 881 1800 927 ita
1825 891 1877 925 ut
1898 877 2109 927 Coelesti-

1138 968 1255 1000 num
1275 955 1374 1014 ejus
1398 952 1602 998 nominis
1615 951 1828 997 Primum
1845 945 1976 996 fuisse
2002 946 2109 994 infi-

1139 1034 1280 1078 nuet,
1295 1019 1403 1068 cum
1424 1020 1512 1068 hoc
1532 1023 1556 1069 ὲ
1575 1023 1776 1069 veritate
1797 1017 1981 1086 prorsus
1997 1018 2110 1065 alie-

1140 1109 1256 1140 num
1284 1088 1367 1138 fit.
1408 1090 1698 1138 Nominibus
1728 1091 1858 1137 enim
1887 1104 2111 1136 numerus

1141 1180 1234 1211 non
1255 1161 1509 1229 apponitur
1530 1195 1545 1216 ,
1582 1158 1667 1207 nisi
1682 1156 1791 1206 cum
1810 1156 2113 1225 superveniat

1143 1233 1311 1298 aliquis
1339 1227 1550 1293 ejusdem
1579 1230 1816 1286 nominis,
1852 1231 1902 1277 &
1935 1228 2023 1275 hoc
2050 1228 2111 1275 ad

1144 1300 1493 1350 distinPtionem
1514 1335 1529 1356 ‚
1568 1317 1668 1366 quae
1695 1300 1743 1345 in
1764 1299 1920 1364 primo
1955 1300 2113 1345 neuti-

1140 1388 1284 1440 quam
1304 1370 1369 1418 est
1388 1368 1653 1418 adhibenda
1668 1405 1684 1426 ‚
1713 1365 1822 1416 cum
1840 1366 2069 1415 secundus
2088 1368 2117 1417 ὲῗ

1142 1459 1235 1510 quo
1271 1438 1491 1496 differat,
1525 1438 1648 1486 haud
1678 1438 1977 1487 inveniatur.
2015 1436 2117 1485 Hic

1142 1513 1291 1581 igitur
1318 1530 1415 1559 vox
1440 1511 1613 1560 Primus
1640 1507 1699 1556 ad
1719 1510 1918 1557 alteram
1943 1524 2114 1556 vocem

1140 1584 1366 1651 Episcopus
1397 1577 1643 1629 referenda
1670 1572 1765 1636 est‘,
1804 1580 1925 1626 itaut
1951 1578 2112 1626 Coele-

1141 1654 1283 1701 stinus
1312 1654 1489 1719 primus
1522 1669 1573 1697 ac
1605 1651 1843 1696 maximus
1858 1646 2116 1714 Episcopus

1142 1722 1326 1770 dicatur
1344 1757 1359 1778 ,
1395 1721 1475 1787 qui
1504 1721 1549 1765 in
1582 1732 1684 1767 toto
1712 1716 1844 1767 Orbe
1873 1715 2076 1785 fulgeret
2098 1753 2113 1764 .

1145 1793 1295 1860 quue
1331 1796 1431 1854 jure
1467 1789 1650 1856 optimo
1688 1783 1948 1854 expressum
1982 1784 2074 1834 fuit
2100 1808 2114 1836 ε

1140 1880 1251 1910 nam
1285 1859 1568 1910 coelestinus
1603 1861 1642 1906 I.
1680 1876 1762 1925 per
1794 1855 2113 1906 universum-2

1143 1931 1464 1982 Christianum
1485 1926 1669 1978 Orbem
1689 1926 2023 1996 ampliffimam
2042 1926 2113 1976 sui

1129 2002 1345 2051 —nominis
1372 1999 1547 2047 famam
1580 1995 1776 2046 diffudit
1803 1996 1866 2046 ob
1897 1996 2114 2056 celebre,

1142 2092 1192 2122 ac
1215 2071 1478 2119 universale
1497 2068 1778 2119 Concilium
1794 2065 2119 2134 Ephefinum·‚'

1126 2162 1197 2193 eo
1224 2141 1420 2206 jubente
1449 2138 1663 2187 habitum
1683 2173 1700 2195 ‚
1737 2140 1785 2186 in
1813 2155 1906 2203 quo
1925 2139 2116 2206 impia„

1141 2213 1349 2263 Nestorii
1368 2206 1543 2258 haerefis
1561 2208 1783 2258 damnata
1802 2205 1895 2255 fuit
1912 2246 1922 2256 .
1951 2210 2021 2255 Ex
2040 2209 2116 2257 di-

1141 2286 1224 2334 &is
1257 2285 1403 2352 igitur
1435 2281 1536 2347 quis
1573 2295 1781 2345 unquam
1811 2275 1958 2326 fuerit
1983 2315 1997 2336 ,
2035 2281 2115 2344 qui

1143 2355 1350 2404 Romani
1378 2348 1616 2399 Pontificis
1648 2350 1912 2399 Primatum
1944 2351 1969 2396 a
2003 2347 2115 2397 tres-

1143 2426 1299 2474 decim
1325 2423 1514 2471 circiter
1544 2417 1716 2468 saeculis
1745 2416 2032 2486 palmaribus
2059 2420 2116 2466 li-

1141 2498 1252 2545 teris
1276 2488 1540 2562 expressum
1567 2486 1698 2538 fuiffe
1716 2526 1732 2548 ,
1757 2491 1975 2538 omnium
2000 2507 2113 2538 ocu-

1142 2568 1195 2615 lis
1215 2562 1484 2633 expositum
1509 2579 1605 2610 non
1625 2562 1817 2609 eliciat?

1212 2639 1283 2684 At
1309 2638 1334 2684 a
1361 2631 1642 2701 quibusdam
1669 2629 1813 2693 objici
1844 2628 2002 2677 statIm
2029 2647 2112 2678 au-

1143 2706 1224 2755 dio
1246 2742 1262 2764 ‚
1300 2707 1393 2752 haec
1425 2703 1563 2770 pauc-i
1591 2720 1642 2750 ac
1674 2701 1850 2751 nullius
1878 2703 2115 2749 momenti

1141 2772 1229 2826 esse
1247 2812 1263 2833 ,
1298 2775 1522 2842 quoniam
1552 2768 1743 2820 Mufiva
1768 2787 1910 2839 opera
1941 2770 1999 2819 ab
2028 2771 2115 2818 ali-

1141 2865 1235 2914 quo
1266 2863 1323 2894 ex
1344 2842 1728 2894 restauratoribus
1748 2838 1868 2891 faRa
1891 2839 2114 2897 fuerunt,

1141 2933 1280 2983 atque
1300 2914 1408 2965 ideo
1431 2927 1644 2981 tempora
1674 2909 1759 2980 ipsi
1778 2912 2015 2977 Celestino
2032 2928 2112 2977 po-

1140 2986 1334 3036 steriora
1364 2984 1605 3033 redolere:
1639 2995 1979 3051 proptereaque
2005 2997 2110 3029 eam

1139 3075 1312 3106 vocem
1354 3057 1526 3106 Primus
1567 3071 1823 3102 numerum
1869 3047 2109 3098 Pontii-icis

1138 3126 1350 3190 ejusdem
1370 3127 1571 3175 nominis
1592 3124 1842 3173 denotare.
1872 3121 2028 3168 Sciant
2043 3120 2108 3178 hi,

1139 3198 1397 3265 respondeo
1413 3233 1429 3254 ,
1456 3197 1602 3243 alium
1620 3193 1824 3241 nominis
1840 3190 1976 3252 hujus
1993 3190 2127 3237 Pon-1

1136 3266 1314 3318 tificem
1329 3286 1421 3318 non
1437 3265 1631 3332 reperiri
1645 3259 1730 3312 nisi
1747 3263 1793 3308 in
1810 3259 1965 3325 seculo
1984 3263 2106 3310 XII.

1560 3336 1646 3379 Aa
1690 3349 1714 3377 2
2014 3347 2109 3396 quo
