2425 3747
351 266 386 306 ὅ

317 274 557 395 ξοῐειηοο,
595 323 678 390 qui
699 322 782 371 lib.
808 342 882 372 ιο.
911 317 1014 368 hist.
1040 335 1142 385 cap.
1167 336 1214 382 4.
1246 322 1297 368 in

315 396 552 448 Oratione
573 394 865 460 Panegyrica
888 390 948 438 de
980 387 1294 439 aedificatione

315 463 630 516 Ecclefiarum
643 499 661 521 ,
682 462 878 510 Paulino
894 459 1171 527 Tyriorum
1188 461 1295 528 Epi-

311 537 456 605 scopo
487 534 645 590 dista,
676 527 936 580 secundum
972 529 1152 581 valesii
1182 549 1293 580 ver-

314 605 495 658 slonem
533 601 595 651 fic
623 602 870 666 loquitur:
908 601 992 653 Ad
1005 602 1182 651 eundem
1211 622 1295 651 mo-

315 680 418 728 dum
430 713 444 733 ,
473 677 566 721 etim
579 671 818 738 particibus
834 673 896 721 ad
906 691 1118 741 utrunque
1138 676 1296 740 templi

311 741 671 811 lasusfitbricatis
684 779 700 801 ,
717 757 863 805 parem
876 743 1199 795 vestibulorum
1218 766 1295 795 nu-

312 833 470 869 merum
483 814 751 883 dispositiffi‘ec
763 851 779 873 ,
792 815 994 884 diversbs
1011 817 1158 866 aditus
1171 852 1186 874 ,
1203 821 1295 885 qui-

311 889 390 938 bus
403 887 609 955 copioficm
625 888 766 935 lumen
783 886 968 953 fitpern&
997 892 1046 935 in
1065 888 1191 938 aedem
1223 894 1293 938 in-

300 957 591 1028 fhnderetur‚
610 958 744 1025 supra
761 957 876 1024 ipfits
893 956 1091 1008 Porticus
1123 965 1294 1029 excogi-

312 1032 441 1080 tavit
461 1064 476 1085 ‚
514 1029 663 1097 easque
683 1026 912 1096 fenestras
941 1034 1094 1079 ‘variis
1127 1035 1148 1079 ἒ
1183 1034 1304 1101 ligno

301 1101 544 1173 fiulpturis
561 1103 721 1149 minuti
714 1099 839 1166 ffimi
858 1104 993 1166 operis
1006 1104 1192 1151 ornavit
1209 1107 1301 1152 &aa

399 1172 647 1219 Numerus
685 1169 768 1218 iste
804 1168 1116 1220 Basilicarum
1153 1173 1304 1240 prlori

313 1239 559 1290 sententiae
578 1237 886 1303 adversatur3
914 1244 992 1290 cui
1012 1256 1174 1291 tamen
1203 1245 1304 1292 aliae

312 1308 630 1379 suffragantur
643 1308 878 1369 Ecclefiae,
894 1313 987 1361 illis
1001 1331 1305 1381 nequaquam

314 1383 514 1449 originis
551 1383 837 1449 antiquitate
866 1382 1118 1434 cedentes:
1156 1386 1205 1432 in
1234 1387 1305 1434 his

314 1454 450 1501 enim
468 1450 654 1521 angusti
676 1450 943 1502 admodum
961 1452 1186 1504 visuntur
1204 1455 1304 1505 adi-

315 1535 392 1571 tus
418 1523 594 1571 lumini
613 1521 914 1574 admittendo
933 1562 944 1572 .
984 1529 1223 1576 Attamen
1251 1541 1305 1576 ut

312 1609 492 1641 verum
512 1591 664 1643 fatear
678 1631 694 1652 ,
719 1594 802 1642 ubi
824 1611 1050 1663 appareat
1068 1599 1307 1667 exiguitas

310 1659 629 1712 fenestrarum
660 1701 676 1723 ,
713 1663 948 1714 constabit
982 1670 1143 1735 aperte
1169 1705 1186 1727 ,
1226 1669 1306 1717 vel

312 1732 544 1777 Ecclesiae
582 1736 688 1772 illac
724 1752 819 1771 non
857 1732 984 1791 posse
1022 1741 1150 1776 luter
1185 1740 1307 1776 anti-

310 1795 560 1865 quissimas
601 1789 840 1843 recenseri
871 1829 887 1852 ,
927 1796 1004 1844 vel
1041 1800 1307 1848 contracstas

308 1864 446 1917 fuiffe
478 1883 606 1915 areas
637 1861 950 1914 fenestrarum
978 1868 1004 1915 a
1026 1865 1306 1919 restaurato-

312 1939 444 1988 ribus
460 1951 740 2004 temporum
759 1931 1150 2003 subsequentium
1167 1975 1177 1985 .
1198 1944 1305 1988 Ma-

313 2006 479 2059 nifeste
496 2005 546 2055 id
567 2000 861 2075 conspicitur
881 2007 930 2054 in
951 2006 1305 2059 vetustissima-2

316 2075 516 2128 Basilica
543 2073 799 2126 Sefforiana
815 2113 831 2135 ‚
856 2094 1001 2144 quam
1029 2092 1165 2129 antea
1181 2081 1306 2130 dixi-

314 2167 422 2199 mus
455 2149 620 2215 quinas
646 2145 865 2197 fenestras
893 2149 941 2196 in
962 2147 1156 2219 singulis
1187 2152 1304 2203 late-

315 2220 445 2268 ribus
464 2217 684 2267 obtinere
698 2253 714 2276 ,
731 2219 847 2265 latas
866 2220 958 2287 pal.
978 2237 1061 2269 20.
1085 2222 1202 2271 altas
1218 2243 1302 2287 40.

315 2292 512 2340 Harum
530 2301 691 2337 tamen
723 2289 862 2335 unica
894 2287 961 2338 est
994 2290 1167 2350 hodie,
1196 2312 1305 2361 quae

316 2356 520 2430 priscam
538 2360 714 2408 retinet
732 2355 1044 2409 fenestrarum
1073 2366 1301 2433 amplitu-

313 2431 655 2496 ‚dinem‚eaque
676 2427 906 2479 Tribunae
929 2433 1151 2499 proxima
1167 2433 1302 2493 est,&

315 2505 344 2552 ὲ
363 2501 585 2549 columna
615 2517 884 2549 marmorea
919 2500 1139 2553 bifariam
1173 2505 1301 2555 divi-

317 2574 452 2621 ditur
468 2607 479 2617 .
520 2573 590 2618 At
614 2571 907 2636 reliquarum
933 2587 1140 2638 quatuor
1166 2594 1302 2627 una,

318 2640 518 2691 omnino
537 2638 722 2697 clausa,
741 2653 833 2689 tres
855 2645 971 2690 vero
991 2644 1039 2690 in
1061 2647 1302 2713 angustius

318 2709 535 2760 foramen
552 2710 803 2760 contrastare
818 2710 927 2759 sunt
940 2748 957 2770 ,
979 2715 1133 2762 altum
1156 2719 1300 2783 palm.

325 2797 407 2841 25.
433 2781 586 2830 latum
617 2796 660 2838 3.
700 2783 871 2847 Nequ&
903 2783 1018 2832 licet
1048 2783 1302 2853 suspicari,

318 2850 697 2900 coarctationem
717 2851 854 2900 istam
880 2854 929 2900 in
950 2853 1302 2908 construetione

318 2915 564 2987 contigiffe
584 2955 600 2977 ,
638 2939 746 2968 nam
771 2920 868 2990 ipsa
899 2941 1151 2975 murorum
1182 2928 1301 2977 stru·

318 2992 486 3048 (stura,
518 2989 612 3057 quii
645 2992 837 3059 oppleta
866 2990 974 3042 sunt
1001 2994 1149 3064 spatia
1175 2997 1302 3049 fene-

321 3062 527 3113 strarum
540 3095 556 3118 ,
577 3061 716 3129 long}
731 3060 970 3112 diversam
986 3080 1173 3117 aetatem
1189 3088 1300 3137 pro-

321 3133 397 3182 dit
411 3154 425 3193 ;
442 3134 749 3199 praeterquam
764 3133 891 3199 quod
908 3137 1211 3188 Architestus
1227 3159 1302 3189 ro-

323 3201 505 3273 gandus
518 3214 649 3260 erat,
674 3202 898 3269 quorsum
921 3201 1067 3272 spatia
1094 3221 1192 3257 tam
1209 3212 1302 3258 lata

325 3269 602 3341 designasset
616 3308 632 3330 ,
658 3274 739 3338 qui
759 3287 858 3323 tam
875 3275 1076 3346 angustis
1094 3278 1301 3330 hiatibus

326 3356 580 3394 contentus
601 3339 712 3391 effer
727 3377 739 3391 .

721 248 1151 305 VETERA
1226 247 1930 306 MONIMENTA

1416 321 1686 371 Plurimam
1719 323 1837 370 mihi
1871 322 2080 370 contulit
2107 321 2328 373 observa-

1348 392 1415 440 tio
1436 388 1518 439 ista
1539 388 1805 442 Sefforianae
1820 390 2026 441 Bafilicae
2061 393 2120 442 ad
2139 394 2330 444 senten-

1349 464 1470 509 tiam
1491 461 1830 522 roborandam,
1847 482 1989 531 quam
2008 461 2067 512 de
2086 462 2334 527 hujusmo-

1349 532 1398 581 di
1414 531 1666 598 quaestIOne
1703 534 1873 583 videor
1907 532 2118 602 proferre
2147 531 2304 603 posse„
2319 570 2333 583 .

1347 606 1465 652 Meo
1487 604 1644 671 itaque
1663 604 1847 668 judicio
1867 604 2171 655 distinctione
2192 620 2331 655 uten-

1349 674 1467 723 dum
1485 671 1551 723 est
1567 673 1678 724 cum
1696 677 1953 743 inquiritur
1966 712 1982 734 ‚
2008 696 2065 725 an
2083 674 2339 726 vetustatis

1349 742 1506 814 potiris
1527 745 1762 795 indicium
1782 744 1837 794 fit
1855 743 2168 796 fenestrarum
2190 765 2338 816 angu-

1347 816 1450 874 stia,
1466 817 1547 865 vel
1565 816 1850 886 amplitudo.
1871 818 1917 866 Si
1937 816 2020 865 iub
2038 820 2255 868 terminis
2271 818 2342 868 di-

1347 887 1553 957 sputatio
1567 903 1862 957 proponatur
1876 925 1891 946 ,
1923 905 1979 937 ex
1999 886 2217 937 Ecclefiis
2236 907 2341 955 quae

1348 972 1511 1010 extant
1524 995 1540 1016 ‚
1568 977 1670 1007 aevo
1693 961 1873 1026 priores
1909 960 2185 1027 reputandae
2201 958 2342 1017 sunt,

1358 1049 1459 1098 quae
1483 1031 1653 1093 majori
1673 1047 1901 1085 numero,
1917 1031 1998 1078 vel
2018 1030 2341 1098 amplitudine
2371 1086 2375 1089 ¹

1358 1097 1667 1151 fenestrarum
1687 1101 1900 1168 pollent,
1924 1096 2037 1148 cum
2056 1101 2080 1149 ὲ
2098 1099 2236 1168 supra
2263 1098 2341 1147 di-

1357 1174 1445 1222 &tis
1467 1172 1629 1240 apert&
1650 1169 1830 1220 constet
1844 1207 1860 1228 ,
1890 1170 2233 1237 antiq'uiffimas
2253 1172 2342 1218 Ec-

1359 1241 1639 1300 clesmrum,
1669 1261 1770 1310 quae
1799 1239 1928 1309 apud
1953 1258 2037 1289 nos
2056 1238 2165 1289 sunt
2183 1276 2199 1298 ,
2236 1241 2345 1288 ita-2

1357 1311 1489 1363 fuisse
1506 1311 1819 1362 construftas.
1843 1314 1889 1360 Si
1908 1312 2028 1360 vero
2049 1310 2205 1361 sensus
2225 1329 2346 1378 quae-

1360 1386 1520 1435 stionis
1545 1381 1602 1432 fit
1621 1420 1636 1440 ‚
1673 1403 1729 1432 an
1750 1385 1874 1432 inter
1894 1384 2193 1450 antiquitatis
2222 1381 2347 1429 indi·

1359 1459 1433 1505 cia
1463 1492 1479 1514 ‚
1516 1452 1680 1504 referri
1719 1452 1859 1523 possit
1896 1466 1997 1502 tam
2037 1451 2313 1524 amplitudo
2330 1485 2348 1510 ,

1359 1531 1503 1596 quam
1530 1526 1742 1594 angustia
1766 1522 2081 1575 fenestrarum
2102 1561 2119 1583 ,
2157 1521 2349 1592 respon-

1360 1602 1449 1648 deo
1469 1634 1484 1656 ,
1502 1612 1763 1664 utramque
1777 1593 1985 1644 formam
2004 1594 2255 1645 vetustatis
2275 1595 2347 1640 in-

1361 1669 1546 1718 dicium
1579 1663 1666 1717 effe
1684 1703 1700 1725 ,
1740 1667 2013 1715 dummodo
2039 1662 2255 1721 constet,
2290 1682 2348 1710 an

1361 1739 1718 1788 Monachorum
1733 1737 1941 1786 Ecclelia
1955 1735 2131 1794 fuerit,
2145 1736 2224 1784 vel
2241 1734 2352 1783 Cle·
2420 1733 2425 1736 Δ

1361 1805 1576 1851 ricorum
1592 1841 1603 1851 .
1625 1810 1682 1854 ln
1700 1809 1818 1856 hanc
1841 1826 1920 1857 me
1938 1806 2228 1857 sententiam
2249 1822 2350 1852 ma-

1360 1875 1572 1923 nuduxit
1591 1876 1942 1923 animadversio
1960 1877 2192 1939 superior,
2208 1890 2352 1938 quam

1359 1945 1408 1989 in
1427 1940 1679 1990 coarctatis
1701 1936 1972 1990 Sessorianae
1988 1940 2199 1991 Bafilicae
2221 1940 2351 1991 fene—

1358 2011 1459 2060 stris
1498 2011 1665 2059 notavi
1695 2032 1707 2060 ι
1750 2025 1805 2059 ut
1841 2013 1970 2060 enim
2008 2030 2069 2061 ex
2106 2014 2350 2061 caementis

1359 2085 1564 2146 conjicio
1584 2119 1599 2140 ,
1629 2099 1792 2129 murus
1820 2083 1901 2131 ille
1932 2082 1992 2132 ad
2020 2082 2349 2151 restringenda

1357 2154 1507 2223 spatia
1522 2150 1852 2210 fenestrarum,
1868 2151 2160 2204 constructus
2179 2154 2244 2203 est
2261 2155 2350 2202 cir-

1358 2245 1412 2273 ca
1442 2224 1668 2272 saeculum
1699 2224 1947 2273 decimum
1969 2240 2193 2293 reparatae
2223 2225 2348 2273 salu-

1359 2298 1418 2344 tis
1441 2332 1450 2342 .
1480 2296 1545 2342 Ea
1570 2293 1684 2344 vero
1710 2294 1992 2362 tempestate
2008 2295 2206 2345 Basilica
2224 2297 2350 2345 illa-2

1358 2367 1611 2416 Monachis
1643 2363 1851 2415 conceffa
1888 2362 1983 2414 fuit
2022 2384 2106 2434 per
2140 2366 2347 2416 Benedi-

1355 2439 1492 2487 &cum
1533 2441 1649 2488 VII.
1686 2435 1932 2485 sedentem
1974 2438 2022 2484 in
2061 2435 2347 2504 Apostolico

1357 2511 1489 2558 Solio
1518 2525 1639 2555 anno
1657 2518 1778 2566 976.
1805 2508 1886 2574 qui
1915 2506 2268 2557 Monasterium
2299 2510 2348 2557 in

1358 2582 1439 2628 illa
1456 2577 1646 2635 statuit,
1676 2578 2034 2646 Mona'chosque
2056 2579 2238 2627 locavit
2254 2613 2269 2635 ,
2293 2590 2348 2626 ut

1357 2654 1405 2698 in
1443 2665 1716 2698 marmoreo
1753 2651 2026 2717 epitaphio,
2057 2647 2221 2698 eidem
2253 2650 2346 2696 Ec-

1356 2717 1503 2768 clefiae
1530 2715 1677 2767 affixo
1707 2720 1882 2786 legitur
1910 2756 1921 2767 .
1963 2719 2346 2784 Conjecsturarea

1355 2807 1466 2857 ergo
1488 2786 1758 2856 possumus,
1788 2788 1897 2837 ideo
1928 2787 2177 2839 exclusum
2210 2786 2346 2838 fuisse

1356 2861 1564 2909 nimium
1586 2860 1748 2908 lumen
1767 2895 1782 2917 ‚
1821 2861 1948 2926 quod
1978 2874 2115 2909 antea
2148 2861 2196 2907 in
2218 2856 2346 2908 Bafi·

1356 2932 1498 2979 licam
1533 2929 1878 2979 admittebatur
1897 2967 1913 2988 ,
1945 2933 2057 2999 quia
2088 2930 2344 2979 Monachis

1355 3000 1698 3049 meditantibus
1715 2998 1900 3050 fortasse
1918 2999 2166 3051 officiebat
2181 3036 2198 3058 ‚
2227 3017 2343 3066 quo-

1354 3068 1509 3119 minus
1523 3067 1706 3138 possent
1726 3073 1911 3121 intento
1938 3074 2101 3120 animo
2123 3075 2230 3121 Deo
2252 3067 2339 3119 soli

1355 3159 1550 3191 vacare:
1589 3159 1681 3190 non
1719 3140 1847 3192 sectis
1880 3161 1932 3190 ac
1965 3142 2111 3192 hodie
2146 3139 2340 3208 quoqu&

1355 3209 1560 3261 solemus
1585 3212 1801 3264 addustis
1830 3214 1952 3262 velis
1984 3216 2232 3284 ingentem
2263 3213 2337 3258 lu·

1356 3301 1463 3333 cem
1489 3283 1770 3348 excludere,
1800 3282 1908 3333 cum
1931 3283 2133 3353 publicae
2163 3281 2340 3357 adora-j

2216 3365 2338 3400 tioni
