2425 3747
703 230 740 279 c
810 212 859 276 A
926 226 964 275 P
1040 225 1087 277 si
1160 225 1205 277 T
1305 221 1516 275 XVII:

93 299 338 371 Episcopi.
381 302 499 365 Qae
524 293 818 345 consuetudo
843 295 1069 343 audiendi

91 371 257 421 stando
292 369 605 436 Evangelium
621 402 637 424 ‚
661 362 862 434 superno
886 366 1068 421 veluti,

91 441 353 507 caelestique
391 438 583 486 oraculo
624 435 897 483 confirmata
934 436 1068 484 vide-

90 525 171 559 tur
217 529 273 559 ex
322 511 438 558 Vita
465 510 569 555 MS.
608 506 762 554 Sancti
795 505 1026 553 Willelmi
1051 539 1067 562 ,

92 581 265 630 Abatis
297 574 572 628 Monasterii
597 570 851 624 Eskilenfis
891 576 938 622 in
969 579 1063 623 Da·

91 653 203 708 nia,
238 655 332 711 jam
372 660 479 695 ante
504 664 648 695 annos
697 647 976 713 quingentos
1014 646 1062 695 &

92 722 218 768 ultra
239 717 296 766 ab
310 714 545 766 Eskilenfi
572 715 811 765 Monacho
831 713 1062 783 compofi-

88 803 167 846 ta,
206 790 287 855 qui
317 790 456 837 Petro
493 782 799 835 Roskildenli
828 785 1060 853 Episcopo

87 858 385 925 :synchronus
403 856 516 906 fuit:
544 855 625 905 ubi
653 857 712 905 de
732 856 933 922 quadam
958 873 1062 903 mu-

91 930 208 977 liere
236 942 481 985 narratur,
510 925 637 994 quod
661 923 924 974 auscultans
951 943 1060 972 con-

91 999 237 1047 trasta
255 999 501 1065 Evangelii
530 998 784 1046 lestionem
805 1032 820 1053 ,
857 994 1061 1043 audierit

92 1086 264 1117 vocem
295 1067 356 1116 fic
375 1070 730 1135 increpantem:
770 1066 943 1116 Mulier
957 1065 1059 1133 fiir-

86 1159 169 1207 ge:
210 1158 290 1186 non
315 1139 433 1187 docet
461 1140 738 1190 Christianos
767 1137 827 1185 ad
845 1136 1056 1203 Evange-

91 1211 197 1258 lium
207 1210 356 1277 fidere
370 1244 385 1265 ,
412 1208 498 1277 fid
517 1227 609 1257 cum
637 1210 889 1258 reverentia
906 1207 1026 1255 ft'are
1041 1240 1058 1262 ,

89 1284 144 1327 (τ
165 1281 399 1347 ausi-altare
429 1279 540 1345 quod
565 1281 722 1346 legitur
744 1313 755 1323 .
795 1279 958 1344 Qem
988 1276 1055 1322 lo-

92 1365 150 1395 cu
164 1366 212 1394 m
232 1346 382 1397 debeo
398 1349 476 1397 Cl.
492 1349 613 1396 Viro
634 1348 849 1397 chrico
875 1342 1063 1396 Valeiio

99 1419 147 1464 in
177 1421 409 1466 Annotat.
441 1417 500 1466 ad
525 1418 885 1467 Theodoricum
910 1417 957 1463 in
987 1414 1065 1462 ad-

90 1485 198 1536 den.
229 1506 333 1556 pag.
357 1506 473 1546 209.
502 1487 584 1536 ubi
613 1487 670 1536 ab
692 1489 941 1537 Hadriano
966 1488 1060 1535 Va-

89 1555 201 1607 lefio
221 1563 317 1620 ejus
337 1556 508 1616 fratre,
540 1573 762 1608 veterum
789 1558 1060 1606 monimen-

91 1640 253 1675 torum
267 1626 614 1686 studiofiffimo,
627 1629 858 1677 creditam
876 1625 959 1675 fibi
973 1628 1064 1675 Hi-

89 1695 282 1745 storiam
300 1697 462 1747 laudat
478 1733 489 1744 .
527 1701 776 1766 Regnante
797 1700 844 1744 in
865 1697 1061 1743 Polonia

88 1768 312 1818 Micissao
328 1804 345 1826 ,
386 1767 502 1816 dum
525 1769 572 1815 in
596 1768 786 1835 templis
808 1764 1060 1832 Evangelii

88 1835 280 1885 rubrica
306 1835 592 1886 recitabatur
611 1875 626 1896 ,
656 1833 775 1899 jussu
799 1833 940 1904 ipfius
971 1837 1064 1882 Re-

86 1908 160 1975 gis
180 1941 197 1965 ,
236 1906 362 1975 apud
391 1907 573 1972 equites
597 1908 800 1955 Polonos
831 1923 934 1953 mos
962 1918 1064 1952 erat

87 1978 294 2038 eximius
321 2013 336 2034 ,
371 1978 421 2027 &
461 1973 803 2026 laudatiffimus
841 1972 1064 2024 exerendi

88 2046 253 2095 medio
287 2043 420 2095 tenus
451 2047 666 2114 gladium
697 2048 744 2093 in
777 2043 810 2095 fi
847 2063 962 2093 num
992 2046 1064 2091 ul-

90 2118 220 2164 timae
240 2115 519 2166 defentionis
537 2154 552 2175 ,
589 2134 733 2184 quem
752 2065 1064 2185 reffiondente

90 2187 240 2235 choro
268 2187 419 2237 Gloria
445 2186 532 2236 tibi
549 2188 765 2244 Domine,
794 2189 970 2236 iterum
989 2202 1063 2233 re-

92 2256 386 2315 condebant,
411 2271 465 2306 ut
481 2258 629 2306 tradit
645 2259 895 2308 Chromer.
918 2253 1000 2303 lib.
1020 2269 1078 2311 3.,

89 2327 153 2375 ad
174 2345 278 2374 ann.
298 2347 417 2387 999.
437 2328 507 2378 De
522 2329 647 2379 Geff.
662 2331 811 2380 Polon.
836 2332 892 2376 ln
906 2321 1082 2377 Insula»

89 2396 337 2445 Melitenfi
362 2435 377 2456 ,
414 2397 738 2447 Illustriffimae
773 2391 1063 2461 Hierosoly·
1100 2451 1110 2459 ⁴

92 2468 282 2514 mitanae
302 2469 565 2535 Religionis
583 2468 823 2519 Coenobio
843 2504 859 2526 ,
890 2463 1074 2531 Usque—‚⁹2

92 2535 153 2585 ad
182 2537 278 2585 haec
308 2550 520 2606 tempora
556 2536 900 2606 antiquiffimus
932 2536 1067 2604 viget

91 2605 230 2665 usus,
259 2620 312 2655 ut
342 2605 486 2656 semel
519 2610 566 2655 in
588 2627 710 2657 anno
737 2608 1067 2658 solemnitate-³·

92 2679 382 2726 Nativitatis
397 2681 448 2725 B-
465 2679 630 2726 Mariae
646 2681 861 2747 Virginis
878 2680 925 2725 in
942 2677 1066 2726 ocia-

33 2813 37 2817 .
92 2765 206 2796 vam
237 2746 367 2796 diem
406 2746 696 2815 Septembris
733 2760 1067 2804 recurrente-0,

93 2819 212 2867 dum
229 2819 468 2867 Diaconus
488 2819 719 2888 Sequentia
736 2821 769 2870 S
772 2819 891 2868 anili
909 2816 1064 2869 Evan-

90 2892 199 2957 gelii
215 2905 380 2937 canere
404 2890 597 2957 incipit,
625 2887 922 2940 Eminentiss.
956 2891 1063 2936 Ma·

95 2978 211 3027 gnus
237 2956 468 3027 Magister
491 2962 745 3027 evaginato
775 2956 881 3009 ense
912 2959 1066 3026 eriga-

94 3043 174 3077 tur
191 3064 207 3086 ‚
230 3031 280 3079 &
299 3029 461 3078 audiat
489 3050 502 3088 ς
539 3027 659 3079 ficut
693 3027 836 3081 refert
871 3033 1065 3078 Macrus

97 3096 361 3147 Melitensis
392 3100 437 3144 in
471 3096 554 3147 suo
590 3102 906 3156 Hierole-xico
927 3135 944 3160 ,
973 3100 1061 3149 in.»

99 3166 247 3216 verbo
264 3168 583 3239 Evangelium.
651 3200 655 3201 ν
733 3183 735 3185 ’

163 3308 270 3361 Par.
289 3292 325 3357 I'.

1280 361 1655 414 CAPUT
1728 363 1934 412 XVII.

1118 504 1374 572 Diffi’rtatio
1390 537 1405 557 ,
1439 519 1518 569 qua
1544 516 1687 548 contra
1714 501 1988 550 Acatholicos
2017 504 2090 550 de-

1188 573 1452 621 monstratur
1468 607 1483 628 ‚
1517 576 1565 619 in
1594 569 1735 618 tribus
1756 574 1918 635 primis
1944 568 2089 620 Eccle-

1181 643 1421 709 fiaefaeculis
1442 676 1456 696 ‚
1478 642 1810 707 perficutionus‘n
1839 654 2059 704 tempore„
2077 678 2093 698 ,

1177 712 1352 777 publica
1369 708 1689 777 aedificiasmffi·
1701 746 1715 766 ,
1730 717 1779 759 in
1797 711 1946 779 quibus
1963 713 2091 761 Chri-

1185 785 1254 832 ffi
1268 782 1435 831 Fideles
1439 781 1591 849 sacras
1612 782 1803 845 l'ynaxes
1812 780 2086 849 peragebant.

1272 927 1736 971 ATHOMCORUM
1757 918 2010 978 Ecclesias,
2040 941 2093 969 ac

1295 993 1503 1060 Templa
1541 991 1750 1041 eversuri
1771 1028 1786 1050 ,
1825 1007 2090 1057 nomenque

1113 1069 1265 1135 iprum
1295 1062 1516 1111 abolituri
1538 1097 1553 1119 ‚
1585 1063 1753 1113 eadem
1787 1063 1965 1129 triplici
1992 1063 2089 1109 telo

1112 1139 1476 1205 impetiverunt,
1493 1133 1541 1180 ὃ(
1560 1145 1894 1198 oppognarunt
1915 1130 1971 1178 ab
1994 1133 2094 1178 uni-

1111 1220 1208 1256 tate
1234 1204 1366 1256 Fidei
1389 1202 1665 1250 orthodoxae
1693 1202 1917 1256 alienati,
1946 1202 1995 1249 &
2020 1204 2092 1247 in-

1116 1275 1330 1326 ordinat&
1365 1271 1657 1319 ambulantes
1679 1266 1844 1319 fratres
1861 1306 1871 1315 .
1904 1271 1979 1317 Sic
2003 1271 2093 1317 hae-

1116 1344 1205 1395 reli
1224 1343 1488 1393 laborantes
1505 1343 1551 1388 in
1573 1342 1745 1408 Operis
1769 1342 1865 1387 mei
1893 1337 2093 1387 decursu

1118 1417 1354 1484 appellare
1375 1411 1626 1467 constitui,
1664 1409 1949 1476 Apostolum
1988 1410 2096 1455 imi-

1116 1501 1299 1535 taturus
1313 1519 1328 1541 ,
1356 1484 1436 1549 qui
1458 1483 1503 1528 in
1519 1479 1728 1548 Epistola
1747 1497 1791 1527 2.
1811 1478 1868 1526 ad
1891 1473 2094 1526 Thessal.

1115 1575 1215 1624 cap.
1237 1570 1279 1614 3.
1312 1554 1509 1620 quanvis
1535 1551 1591 1598 ab
1613 1552 1704 1598 illis
1733 1567 1815 1598 nos
1834 1546 2062 1598 abstinere
2079 1584 2096 1606 ‚

1115 1629 1166 1678 &
1191 1632 1411 1675 recedere
1434 1623 1674 1690 precipiat
1690 1655 1707 1678 ,
1746 1620 1876 1668 dulci
1898 1633 2095 1667 tamen,

1116 1715 1193 1744 eos
1224 1693 1425 1742 fratrum
1464 1693 1656 1736 nomine
1689 1691 1925 1755 appellare
1961 1702 2107 1737 non.,‘

1116 1763 1401 1832 dedignatur
1420 1780 1430 1808 :
1450 1759 1772 1808 Denunciamus
1788 1775 1926 1806 autem
1943 1759 2096 1816 vobis,

1104 1832 1273 1904 fratres
1291 1869 1306 1890 ,
1336 1836 1383 1880 in
1416 1834 1582 1877 nomine
1605 1829 1791 1878 Domini
1818 1830 2096 1897 noHriJESU

1118 1906 1295 1956 Chrifli
1312 1938 1327 1959 ‚
1351 1917 1398 1949 ut
1407 1898 1679 1966 fiaebtrahatis
1694 1920 1778 1950 vos
1802 1897 1854 1947 ab
1874 1905 1990 1948 omni
1991 1897 2095 1968 fia-

1119 1992 1184 2023 tre
1210 1972 1452 2022 ambulante
1474 1969 1719 2018 inordinat&
1735 2005 1750 2028 ,
1781 1973 1835 2019 ΕΤ
1854 1986 1936 2016 non
1940 1972 2097 2038 ficun-

1118 2046 1220 2094 ditm
1235 2043 1516 2092 traditionem
1532 2075 1547 2097 ,
1577 2057 1699 2109 quam
1717 2054 1963 2105 acceperunt
1979 2046 2004 2089 ᾱ
2023 2059 2096 2087 no·-

1119 2115 1214 2166 bis.
1255 2118 1375 2181 Qae
1403 2109 1547 2160 refert
1575 2111 1723 2160 etiam
1755 2111 2030 2177 Cyprianus
2049 2112 2095 2157 in

1121 2185 1328 2254 Epistola
1352 2198 1432 2243 55.
1465 2194 1625 2230 contra
1647 2182 1912 2230 Haereticos
1939 2177 2019 2226 sub
2046 2178 2098 2226 fi-

1119 2275 1229 2306 nem
1247 2292 1256 2302 .
1297 2251 1480 2320 Qidni
1501 2251 1680 2300 etenim
1709 2251 1814 2297 illos
1840 2246 2006 2296 fratres
2028 2249 2097 2297 di-

1119 2345 1223 2375 cam
1239 2361 1253 2384 ‚
1287 2322 1397 2372 cum
1419 2325 1509 2370 una
1527 2338 1691 2370 omnes
1713 2317 1851 2367 fimul
1883 2320 1929 2365 in
1950 2319 2094 2368 Chri-

1119 2396 1185 2446 sto
1204 2391 1497 2463 baptismatis
1517 2390 1643 2439 unda*
1676 2391 1824 2439 renati
1845 2386 2007 2438 fimus:
2041 2389 2096 2436 li-

1119 2468 1194 2516 cet
1219 2467 1252 2513 ii
1274 2460 1578 2534 postmodum
1607 2461 1966 2530 progenitorum
1991 2461 2017 2508 ὲ
2035 2459 2098 2507 se-

1119 2539 1251 2585 mitis
1286 2533 1591 2584 deflectentes
1618 2567 1634 2589 ,
1663 2532 1750 2598 ⁴qui
1781 2527 1837 2577 ab
1876 2527 2099 2578 uberibus

1122 2607 1297 2657 Sanstae
1329 2609 1556 2654 Romanae
1589 2598 1802 2650 Ecclefiae
1835 2596 1993 2647 salutis
2026 2601 2097 2646 lac

1121 2675 1438 2733 exsuxerunt,
1466 2692 1517 2722 ac
1537 2671 1783 2722 Dominici
1802 2670 1974 2716 moniti
2006 2671 2096 2716 im-

1119 2764 1356 2798 memores
1375 2783 1390 2804 ,
1428 2746 1606 2814 ‘Jugum
1623 2761 1756 2791 meum
1763 2742 1908 2810 suave
1924 2740 1992 2789 eff
2007 2775 2023 2796 ,
2041 2743 2096 2789 (J

1119 2839 1221 2868 onus
1240 2835 1373 2867 meum
1387 2819 1492 2866 leve
1510 2851 1526 2872 ,
1555 2814 1686 2863 suavi
1711 2809 1995 2876 salutarique
2024 2827 2096 2858 or-

1118 2888 1340 2938 thodoxae
1372 2885 1639 2953 Religionis
1666 2887 1777 2950 jugo
1804 2876 1987 2930 excuffo
2017 2915 2034 2937 ,
2071 2882 2098 2928 ἐι

1118 2962 1337 3008 Romana
1369 2953 1575 3004 Ecclesia
1606 2952 1651 3003 se
1686 2952 1968 3001 alienarint.
2009 2954 2092 2996 Fa-

1118 3032 1192 3077 xit
1216 3031 1343 3076 Deus
1363 3025 1493 3092 quod
1512 3024 1704 3074 tandem
1721 3017 1975 3088 aliquando
1995 3017 2095 3064 uni-

1116 3100 1227 3148 tatis
1251 3098 1450 3162 antiquae
1468 3131 1484 3153 ,
1520 3091 1849 3157 unanimisque
1875 3087 2093 3135 fraterni·

1120 3171 1232 3218 tatis
1247 3161 1641 3222 reminiscantur,
1673 3175 1728 3210 ut
1748 3176 1858 3227 pace
1879 3153 2094 3205 Ecclefiae

1069 3268 1073 3272 >
1121 3235 1338 3291 restituta
1353 3275 1370 3300 ,
1394 3238 1444 3288 &
1461 3233 1775 3285 reconciliatis
1792 3227 1959 3274 animis
1976 3260 1993 3282 ,
2020 3226 2092 3272 in-

1609 3304 1640 3350 S
1931 3297 2091 3344 vicem
