2425 3747
388 282 415 312 ⁴2
428 281 450 323 3
462 283 487 310 2

381 332 653 403 pudesastos
684 351 842 381 coram
879 337 983 381 Deo
1004 367 1019 388 ,
1053 345 1190 397 atque
1228 332 1350 379 indi-

380 423 524 472 gnos,
551 407 631 471 qui
661 403 820 470 aperta
847 403 965 450 facie
1002 404 1048 447 in
1079 418 1191 448 eum
1208 400 1349 468 respis

382 488 543 523 cerent
561 511 570 521 .
609 477 709 522 Cur
734 486 895 520 autem
917 471 1135 538 Apostoli
1165 473 1349 520 revela·

380 557 429 591 to
460 545 612 611 capite
643 540 729 589 fint
752 539 947 609 expressi
965 576 981 597 ,
1019 540 1067 588 id
1086 538 1349 588 desumitur

381 631 437 661 ex
467 613 630 660 eadem
649 609 791 677 Epist.
826 612 883 660 ad
904 612 1124 661 Corinth.
1153 611 1259 659 loco
1280 613 1346 659 civ

379 695 477 730 tato
497 718 511 738 ‚
546 679 626 728 ubi
659 681 863 739 dicitur,
901 678 1028 748 quod
1049 718 1063 738 ,
1100 686 1237 730 omnis
1265 687 1347 731 'vir

379 769 522 808 orans,
534 767 605 799 aut
614 753 870 816 prophetans
886 755 1034 801 velato
1056 758 1190 816 eapite
1207 753 1347 801 detur·

366 836 448 888 pat
472 824 749 890 caputsuum.
790 824 909 889 Qae
934 820 1080 870 verba
1098 824 1346 891 Remigius

375 890 662 959 Episcopus,
693 889 791 939 five
812 895 926 940 alius
955 889 1013 939 fit
1032 893 1222 950 wstor,
1260 895 1346 940 in...

378 963 712 1029 explanatione
731 962 943 1024 ejusdem
965 963 1086 1018 loci,
1125 962 1184 1010 fic
1205 965 1347 1011 inter-

376 1046 613 1099 pretatur:
635 1032 792 1081 Omnis
808 1038 889 1082 ‘vir
914 1049 1036 1081 orans
1064 1037 1111 1080 in
1133 1033 1316 1101 Ecclefia
1330 1070 1346 1091 ,

376 1118 448 1150 aut
464 1103 720 1168 prophetans
736 1137 751 1158 ,
778 1103 894 1153 ideis?
920 1104 1067 1151 docens
1085 1106 1346 1169 ‘velpa-ophe-

375 1188 473 1222 tans
496 1209 511 1231 ‚
549 1175 785 1236 explanans
803 1209 816 1230 ‚
855 1176 1003 1222 ‘velato
1039 1179 1172 1238 capite
1197 1174 1342 1224 detur-

366 1256 446 1310 pat
465 1278 480 1300 ‚
516 1243 635 1292 ides?
655 1243 905 1293 dehonestat
925 1246 1192 1310 Capntsuum
1213 1267 1226 1304 3
1264 1247 1349 1294 vel

374 1330 498 1362 orans
517 1348 532 1370 ,
568 1312 686 1365 idest
714 1318 942 1363 oration-em
970 1316 1243 1363 Dominicam
1271 1316 1340 1364 di-¹

373 1402 467 1432 cens
493 1404 508 1442 5
536 1385 826 1448 prophetans,
850 1384 1090 1453 symbolum
1116 1386 1342 1451 Apostolo-

374 1472 467 1502 rum
484 1457 670 1501 recitans
687 1489 701 1510 ,
736 1455 810 1503 ubi
829 1457 1103 1520 prophetatur
1130 1457 1346 1506 adventus

377 1524 558 1576 Chrifli
574 1528 622 1572 in
623 1525 848 1588 jztdicium
862 1561 871 1570 .
887 1523 1097 1575 Christus
1117 1526 1231 1573 vero
1253 1528 1347 1573 Do-

376 1595 564 1651 minus,
602 1595 680 1659 qui
713 1596 758 1640 in
780 1594 942 1643 medio
972 1593 1166 1642 istorum
1188 1597 1347 1643 Senio—

373 1679 480 1710 rum
515 1662 820 1729 depingitur,
858 1662 984 1711 idem
1023 1663 1099 1710 hic
1138 1664 1345 1730 praestare

374 1731 601 1789 videtur,
638 1732 766 1797 quod
793 1731 904 1779 alibi
926 1731 981 1780 ab
999 1732 1232 1799 Apostolo
1258 1735 1342 1781 Pe-

373 1815 447 1849 tro
473 1801 766 1851 recensetur:
790 1801 943 1869 fhHus
962 1803 1029 1851 eff
1057 1808 1104 1851 in
1122 1819 1243 1870 capnt
1270 1821 1344 1868 anf

369 1873 465 1940 guli
482 1874 572 1920 &c-
606 1873 654 1921 ἃ
671 1907 686 1929 ,
724 1876 798 1939 qui
810 1870 931 1939 filcit
954 1891 1128 1942 utraque
1147 1895 1307 1926 unum..
1328 1911 1343 1932 ,

373 1958 544 2008 nempe
578 1955 830 2007 utramque
861 1942 1115 1992 Ecclesiam
1145 1948 1233 2001 (ἃ
1264 1964 1341 1994 eo-

373 2028 513 2067 rum,
545 2013 624 2076 qui
649 2009 730 2058 sub
756 2013 857 2079 lege
881 2027 1041 2071 erant,
1071 2015 1118 2063 ἃ
1146 2032 1309 2063 eorum
1328 2052 1343 2073 ‚

374 2081 454 2146 qui
475 2078 556 2127 sub
584 2081 736 2148 gratia
755 2081 967 2148 degunt)
996 2081 1076 2131 suo
1099 2085 1345 2148 interjetfffl

374 2150 564 2197 unicam
598 2149 710 2197 facit
735 2186 751 2209 ,
794 2153 843 2201 δι’.
878 2149 1162 2219 fingularem
1185 2191 1195 2201 .
1235 2158 1343 2203 Ali-

372 2219 488 2286 quid
508 2221 652 2267 etiam
670 2219 898 2269 addemus
918 2223 975 2271 de
991 2224 1059 2272 his
1074 2223 1344 2274 Senioribus

371 2307 522 2356 quum
562 2290 813 2356 loquemur
850 2291 908 2340 de
945 2293 1342 2361 templo‘Aquis-

370 2356 582 2428 granenfi
605 2361 650 2407 in
673 2359 822 2409 nostra
848 2359 1047 2412 secunda
1069 2377 1198 2431 parte
1216 2400 1231 2422 ‚
1261 2363 1342 2417 ubi

331 2463 334 2466 -
375 2431 566 2476 Parrum
600 2430 903 2481 auetoritates
923 2429 1175 2481 afferentur
1193 2470 1204 2480 .

442 2497 677 2550 Caeterum
708 2500 823 2566 quid
843 2499 926 2550 fibi
956 2505 1110 2551 velint
1138 2503 1346 2552 candidae

372 2570 463 2616 illae
489 2568 670 2628 vestes,
697 2571 746 2619 ὅτ.
773 2571 888 2638 quid
920 2591 1067 2623 aureae
1086 2592 1267 2622 coronae
1288 2572 1345 2621 fi-

371 2636 628 2705 gnificent,
668 2642 786 2688 nulli
822 2640 1024 2690 arduum
1059 2643 1200 2692 fuerit
1232 2641 1346 2692 defi-

371 2709 472 2755 nire
492 2743 506 2765 ,
528 2722 606 2755 aut
622 2706 785 2758 saltem
806 2713 1037 2773 conjicere
1056 2735 1068 2774 ;
1089 2727 1342 2780 utrumque

369 2777 552 2825 scilicet
567 2813 581 2835 ,
612 2778 822 2828 dicemus
840 2817 855 2839 ,
888 2781 1073 2850 Insigne
1092 2783 1150 2831 ad
1170 2787 1340 2832 Beato-

370 2863 479 2895 rum
506 2850 670 2895 merita
688 2884 703 2906 ,
735 2853 783 2900 &
802 2850 1083 2901 felicitatem
1102 2852 1338 2921 spec‘hare3

372 2917 451 2964 vel
486 2918 630 2965 etiam
660 2919 718 2964 ad
749 2938 912 2968 eorum
941 2925 1145 2981 vitutes‚
1181 2925 1258 2990 qui
1280 2923 1338 2972 ad.

373 2986 588 3036 divinam
610 2986 781 3035 Sedem
800 2990 1045 3041 adorantes
1075 2994 1309 3042 accedunt
1323 3030 1338 3051 ,

368 3074 484 3123 quos
513 3057 562 3106 ὅ(
582 3057 798 3124 praeclarz'l
824 3060 1101 3111 innocentiae
1120 3063 1248 3112 veste
1268 3066 1338 3110 in-

369 3127 452 3174 dui
488 3144 673 3192 aequum
710 3125 775 3175 est
804 3163 819 3185 ,
856 3147 911 3177 ne
952 3131 1072 3178 illud
1111 3132 1336 3180 audiant:

368 3197 552 3253 Amice,
584 3197 780 3262 quomodo
804 3199 884 3247 hile
909 3201 1096 3250 intrasti
1112 3237 1128 3258 ,
1168 3220 1247 3248 non
1266 3204 1339 3250 ha-

367 3265 467 3317 bens
490 3271 662 3318 ‘vestem
684 3270 946 3335 nuptialem?
976 3273 1025 3322 &
1053 3271 1213 3341 plenas
1243 3289 1338 3320 ma-

798 262 1219 316 VETER'A
1290 259 1979 313 MONIMENTA

1403 347 1519 386 nus,
1548 328 1783 377 bonorum
1803 348 1968 399 nempe
1996 348 2193 398 operum
2210 328 2367 382 fruc‘tu

1402 397 1594 448 refertas
1614 397 1785 447 habere
1799 435 1814 456 ‚
1831 401 2021 448 utillud
2039 415 2253 451 caveant:
2266 403 2368 452 Non

1403 470 1623 536 apparebis
1660 488 1823 519 vacuus
1854 487 1951 520 ante
1988 472 2241 539 conspeft'um
2273 473 2367 522 Do-

1402 545 1512 590 mini
1537 542 1623 591 Dei
1657 545 1723 588 tui
1748 575 1758 586 .
1798 541 2077 589 Praecinente
2108 545 2253 591 etiarn
2280 543 2367 590 iri-

1401 611 1598 660 eandem
1616 607 1709 657 fer&
1731 608 2010 658 sententiam
2027 614 2177 679 Regio
2190 609 2337 660 Psalte
2350 649 2366 673 ,

1400 682 1517 729 dum
1533 683 1621 730 ait:
1650 679 1775 755 Qis
1789 682 1979 747 astendet
1997 687 2045 729 in
2060 681 2126 731 M
2128 701 2263 732 ontenz
2277 684 2368 733 Do·-

1401 756 1512 800 mini
1528 788 1542 809 ,
1564 768 1636 800 aut
1652 753 1745 817 quis
1761 751 1900 800 flabit
1917 757 1964 800 in
1981 753 2065 800 loco
2081 754 2114 802 S
2115 755 2235 803 αηέἷο
2252 761 2368 820 ejus?

1400 821 1604 872 Innocens
1624 820 1819 870 manibus
1835 857 1850 878 ,
1882 824 1937 871 <9⁴
1958 823 2110 869 mundo
2131 826 2250 873 corde
2272 831 2363 873 &a

1400 898 1591 944 Aurum
1619 892 1733 942 vero
1763 893 1811 938 in
1831 891 1978 947 Sacris
2003 892 2149 939 literis
2169 890 2366 959 symbo-

1402 966 1501 1013 lum
1522 961 1636 1029 saepe
1655 962 1718 1011 est
1738 962 2022 1018 munditiei,
2057 964 2367 1029 quandoque,

1400 1035 1599 1089 laetitiae,
1629 1033 1706 1081 vel
1732 1031 2002 1098 dignitatis,
2028 1044 2082 1078 ut
2104 1032 2282 1080 constat
2311 1052 2369 1081 ex

1398 1104 1658 1154 Hieremiae
1674 1120 1825 1170 cap.4.
1844 1119 1941 1167 quae
1958 1102 2115 1149 omnia
2138 1103 2228 1153 illis
2245 1117 2370 1171 apta-

1396 1177 1435 1222 ri
1472 1170 1680 1243 possunt,
1712 1174 1791 1239 qui
1822 1174 1980 1220 Deum
2004 1171 2256 1220 adoratum
2289 1192 2368 1241 ap-

1398 1245 1746 1313 propinquant3
1783 1241 1963 1290 mundo
1981 1243 2112 1289 enim
2140 1242 2281 1292 corde
2301 1241 2366 1291 es-

1398 1313 1441 1364 se
1460 1352 1475 1372 ,
1512 1316 1560 1364 &
1588 1315 1631 1361 ei
1660 1312 1871 1361 exultare
1898 1313 1945 1358 in
1977 1312 2172 1370 laetitia,
2208 1315 2257 1363 ὃς
2284 1327 2370 1361 tre-

1398 1402 1531 1433 more
1566 1382 1790 1446 jubentur
1817 1418 1828 1430 .
1869 1382 2128 1430 Imminent
2161 1386 2368 1431 Seniori-

1399 1454 1481 1503 bus
1498 1454 1718 1501 animalia
1734 1488 1748 1509 ,
1775 1455 2086 1520 quaeJoannes
2103 1453 2302 1520 Apocal.
2319 1471 2367 1515 4.

1387 1522 1647 1574 describit:
1678 1522 1773 1570 duo
1791 1535 1947 1569 tamen
1970 1539 2028 1569 ex
2047 1522 2140 1569 illis
2157 1541 2259 1571 aevo
2287 1523 2365 1569 ab·

1398 1595 1585 1660 sumpta
1618 1591 1995 1651 interciderunt3
2030 1592 2208 1657 reliqua
2239 1594 2368 1650 duo,

1399 1666 1529 1720 Leo,
1566 1663 1615 1711 ὃς
1640 1662 1816 1727 Aquila
1844 1661 1926 1708 alis
1956 1658 2179 1727 insti-ueta
2202 1676 2365 1711 rotun-

1397 1734 1460 1783 do
1480 1731 1745 1781 diademate
1764 1743 1929 1778 ornata
1950 1732 2055 1779 sunt
2077 1767 2087 1778 .

1488 1803 1702 1851 Geminae
1736 1798 1980 1867 supersunt
2013 1804 2249 1869 Imagines
2284 1804 2366 1852 de-

1396 1871 1648 1921 scribendae
1672 1869 1855 1938 potius,
1891 1873 2031 1936 quam
2052 1872 2366 1940 explicandae,
2393 1925 2397 1928 Δ

1396 1941 1506 1992 cum
1534 1939 1815 2009 apertiffime
1834 1941 2034 1999 constet,
2064 1960 2146 2010 per
2169 1961 2240 1991 eas
2260 1947 2369 1991 San-

1394 2007 1495 2061 'e‘tos
1512 2013 1721 2069 Petrum,
1738 2013 1786 2062 ὃς
1806 2011 2002 2058 Paulum
2025 2011 2277 2080 Apostolos
2296 2030 2368 2060 re-

1396 2079 1534 2130 ferri.
1574 2086 1631 2130 In
1659 2100 1711 2131 ea
1737 2081 1867 2130 arcus
1893 2097 2055 2148 parte,
2092 2101 2192 2150 quae
2224 2080 2367 2150 respi-

1396 2153 1538 2202 cienti
1565 2153 1681 2199 laeva
1709 2151 1801 2210 est,
1829 2155 1888 2200 D.
1911 2152 2077 2213 Pauli3
2114 2155 2161 2200 in
2179 2155 2365 2204 altera-,

1397 2220 1543 2279 vero,
1571 2240 1669 2288 quae
1690 2221 1882 2271 dextera
1900 2225 2106 2273 occurrit
2122 2259 2138 2279 ,
2170 2225 2219 2268 B.
2239 2225 2365 2271 Petri

1395 2290 1574 2360 effigies
1605 2292 1765 2341 videas
1797 2295 2004 2341 invicem
2035 2289 2078 2341 se
2109 2291 2365 2359 respicien-

1395 2376 1491 2422 tes;
1518 2376 1768 2428 utramque
1791 2379 1899 2409 cum
1921 2361 2190 2412 diademate
2206 2364 2254 2412 ὃς
2272 2361 2368 2409 san-

1397 2433 1560 2490 daliis,
1590 2449 1701 2479 cum
1724 2434 1881 2479 tunica
1896 2468 1912 2490 ,
1937 2434 1985 2482 ὅ(
2002 2433 2147 2500 pallio
2166 2431 2364 2481 albenti-

1400 2501 1483 2550 bus
1501 2537 1516 2560 ,
1540 2503 1761 2550 mutilam
1789 2516 1974 2552 tamen:
2006 2505 2152 2571 priori
2182 2520 2366 2568 nanque

1400 2571 1545 2620 ambae
1568 2589 1729 2620 manus
1759 2590 1869 2620 cum
1889 2573 2013 2621 haud
2035 2591 2179 2643 parva
2195 2590 2363 2639 corpo-

1400 2644 1458 2690 ris
1477 2679 1491 2699 ,
1526 2643 1575 2692 δε
1594 2640 1774 2690 Mufivi
1801 2645 1946 2692 totius
1974 2645 2189 2712 portione
2221 2655 2364 2690 vetu-

1397 2712 1510 2760 state
1532 2712 1906 2763 interciderunt:
1943 2716 2077 2763 alteri
2096 2709 2238 2769 vero,
2265 2729 2365 2778 quae

1395 2784 1585 2831 Petrum
1606 2779 1750 2831 refert
1764 2819 1780 2841 ,
1807 2782 1998 2834 dextera
2024 2781 2174 2831 solum
2189 2818 2205 2839 ,
2226 2778 2364 2829 altius

1393 2854 1521 2901 enim
1542 2851 1941 2919 protendebatur,
1981 2855 2121 2919 quam
2155 2849 2332 2900 sinistra
2347 2887 2364 2909 ,

1392 2941 1490 2990 quae
1511 2922 1688 2990 peC'tori
1720 2923 1909 2971 admota
1929 2958 1944 2980 ,
1979 2924 2132 2971 claves
2147 2958 2163 2980 ,
2188 2918 2365 2968 notiffi-

1395 3010 1529 3040 mum
1564 2992 1651 3040 suae
1672 3027 1687 3049 ,
1726 2988 2138 3060 Successorumque
2168 2989 2361 3038 suorum

1394 3060 1632 3129 potestatis
1649 3058 1850 3129 Insigne,
1867 3063 2016 3113 adhuc
2034 3062 2233 3128 stringit.
2250 3062 2362 3109 Prae-

1393 3146 1464 3179 ter
1478 3149 1642 3179 manus
1662 3129 2032 3197 Apostolorum,
2049 3130 2193 3180 verba
2215 3132 2360 3179 etiam

1390 3203 1524 3268 plura
1541 3198 1863 3249 defiderantur
1889 3204 1936 3250 in
1957 3204 2011 3251 iis
2029 3199 2360 3257 Carminibus,

1388 3288 1489 3338 quae
1525 3270 1695 3320 vertici
1732 3271 1975 3341 utriusque
2010 3271 2359 3388 suprascripftad

2281 3357 2358 3388 ue-
