2425 3747
766 215 1266 270 CAPUT
1370 213 1541 265 XIX.

2047 235 2141 282 '165

150 287 356 352 (inquit)
373 282 554 336 Nobiles
574 298 646 333 aut
665 284 877 334 montibus
897 287 999 334 altis
1014 322 1029 344 ,
1051 304 1123 335 auc
1175 287 1389 353 amffone
1421 286 1674 354 marcescant
1693 321 1703 331 .
1744 286 1907 336 Manet
1930 294 2040 336 enim
2069 293 2142 337 ha-

153 362 204 407 in
222 356 321 426 ipsts
339 353 550 404 montibus
562 354 902 423 fipeliebantur:
923 357 1033 405 unde
1051 375 1122 405 na-

1173 357 1318 406 olenus
1330 394 1344 414 ,
1357 363 1411 409 (T
1427 357 1686 407 videntibus
1699 358 1889 406 creditur
1907 374 2036 423 nuper
2052 360 2144 407 aedi—

151 442 241 475 tum
268 427 335 476 εἶτ’
353 461 368 483 ,
397 443 445 475 ut
463 425 598 492 supra
629 426 844 476 cadavera
870 428 1123 490 Pyramides
1160 430 1344 495 ficatum
1359 463 1373 484 ,
1391 434 1503 477 itaut
1519 444 1565 475 ea
1585 429 1656 477 die
1674 445 1753 494 qua
1770 428 2026 493 conspicitur
2042 442 2142 492 ,pu-

136 500 301 565 =fierent
315 530 331 553 ,
354 513 427 545 aut
443 499 641 564 ingentes
659 499 956 547 collocarentur
972 501 1121 548 colum-
1171 513 1285 545 tetur
1313 498 1389 565 effe
1404 499 1692 549 construitura
1713 520 1723 547 :
1762 499 1966 548 bullenus
1995 503 2146 548 enim-³

147 584 235 616 nae:
274 565 330 615 de
349 564 517 632 quibus
535 563 654 615 infra
673 601 685 613 .

217 639 331 688 Huc
359 633 503 701 usque
531 635 741 687 breviter
775 635 1117 688 demonstravi-

145 725 252 759 mus
277 723 464 754 morem
494 707 833 775 AEgyptiorum
866 723 964 756 tam
994 705 1116 755 sum·
1143 762 1145 764 ¹

143 773 310 846 'ptuosa
330 774 572 843 sepulchra
592 778 829 827 excitandi
851 799 861 827 :
893 775 1039 826 mod&
1059 775 1117 824 ad

144 844 375 898 Hebraeos
393 843 748 906 descendamus,
762 867 876 915 quos
893 862 1117 914 tanquam

144 918 384 985 Egyptiis
401 914 624 966 finitimos
640 953 657 976 ,
675 920 790 967 ritus
809 919 1115 986 AEgyptiacos

143 990 194 1036 in
213 988 377 1035 multis
393 988 636 1037 aemulatos
649 985 781 1040 fuiffe
799 988 1112 1039 ostendemus.

144 1060 207 1106 Et
227 1056 380 1125 primo
406 1056 535 1124 quod
557 1056 641 1126 ipsi
664 1061 850 1126 quoque
869 1057 1113 1107 Mausolea

143 1125 484 1177 aedificaverim
497 1163 513 1187 ,
530 1127 654 1177 testis
673 1127 738 1177 est
757 1132 894 1177 Sacra
912 1130 1116 1194 Scriptu-

143 1215 194 1246 ra
215 1216 260 1245 2.
275 1198 474 1264 Paralip.
493 1212 571 1258 35.
591 1212 670 1253 23.
690 1196 771 1245 ubi
790 1198 849 1246 de
868 1196 1112 1265 sepulchro

130 1266 273 1337 Jofiae
290 1265 376 1315 fic:
413 1268 472 1317 Et
490 1269 822 1334 asportaverunt
838 1287 929 1317 eum
948 1271 1112 1323 (nem-

140 1334 426 1406 peJosiam)
455 1341 503 1384 in
522 1337 794 1401 Hierusalem
810 1374 826 1396 ,
857 1339 1116 1404 mortuusque

139 1409 211 1457 ef?
225 1442 241 1465 ‚
258 1407 511 1476 &sepultus
533 1412 581 1456 in
600 1405 831 1479 Mausoleo
841 1424 1012 1475 patrum
1018 1410 1115 1477 sito-

139 1496 234 1527 rum
248 1513 258 1524 .
279 1481 406 1528 Item
423 1477 809 1528 Machabaeorum
825 1498 926 1547 cap.
949 1499 965 1526 1
980 1493 1112 1536 3.27.

136 1548 356 1598 tumulus
373 1548 492 1597 alter
511 1546 795 1600 describitur
814 1546 1114 1617 magnificen-

139 1616 344 1666 tiffimus
367 1652 384 1674 ,
424 1636 568 1684 quem
608 1620 772 1670 Simon
808 1618 1080 1688 parentibus
1097 1653 1112 1675 ,

137 1683 458 1752 fratribusque
481 1690 571 1736 suis
589 1692 740 1737 erexit
756 1726 772 1747 ,
801 1690 865 1737 ibi
885 1711 896 1738 ε
931 1690 990 1738 Ec
1008 1690 1111 1736 aedi-

125 1759 301 1826 ficavit
312 1757 346 1807 S
347 1762 461 1807 imon
465 1759 593 1825 super
595 1761 864 1826 sepulchrum
874 1763 1016 1824 patris
1019 1759 1096 1825 fiii
1097 1794 1112 1814 ,

135 1825 403 1895 &fratrum
421 1829 596 1895 ficorum
623 1829 847 1899 {edificium
869 1832 1002 1878 altum
1029 1833 1110 1876 vi-

124 1897 186 1965 flt
202 1931 217 1952 ‚
252 1898 396 1961 lapide
410 1898 546 1963 polito
569 1915 681 1946 retro
709 1902 764 1948 Φ·
780 1916 878 1946 ante
898 1922 910 1958 3
947 1902 1001 1947 &³
1017 1899 1110 1945 ssia-

136 1969 226 2014 tuit
250 1968 413 2036 septem
441 1969 687 2034 pyramides
709 2003 724 2025 ,
760 1985 887 2018 unam
926 1984 1112 2019 contra„

135 2052 296 2094 unam,
316 2040 439 2103 patri
465 2041 518 2087 ἐν
547 2042 678 2087 macri
692 2074 706 2095 ‚
739 2042 793 2088 ὡ*
821 2056 997 2107 quatuor
1006 2037 1109 2104 fra-

136 2105 279 2156 tribus
291 2143 307 2164 ‚
336 2112 391 2158 &²
407 2109 477 2157 his
491 2109 782 2177 circumposuit
795 2112 1008 2158 columnas
1029 2125 1111 2154 ma·-

131 2194 272 2245 gnas,
297 2179 484 2247 &super
507 2181 717 2229 columnas
745 2197 864 2228 arma
892 2181 951 2229 ad
967 2198 1110 2227 memo*

134 2251 247 2296 riam
265 2264 460 2298 aeternam
472 2285 486 2306 ,
503 2252 557 2304 (ρ’
561 2255 702 2315 juxta
720 2265 837 2298 arma
853 2267 990 2299 naves
998 2250 1112 2317 scul-

129 2330 230 2381 ptas
247 2353 263 2374 ‚
291 2338 376 2386 que
400 2320 662 2370 ‘viderentur
688 2319 737 2372 ab
758 2319 948 2370 omnibus
975 2323 1109 2368 navi-

133 2386 341 2453 gantibus
361 2406 500 2440 mare:
539 2391 613 2439 hoc
630 2394 698 2443 est
702 2393 972 2459 sepulchrum
1001 2389 1111 2458 quod

123 2455 241 2524 ficit
266 2461 314 2505 in
330 2458 499 2511 Modin
521 2463 645 2531 usqzoe
662 2468 709 2511 in
726 2464 838 2511 hanc
859 2462 971 2510 diem
987 2496 997 2507 .
1035 2461 1105 2506 Si-

136 2528 508 2599 militerjoseph
542 2533 593 2581 de
623 2534 735 2584 Bell.
768 2532 890 2601 ‘'Jud.
922 2530 1001 2577 lib.
1029 2544 1104 2586 13.

135 2615 238 2664 cap.
260 2616 335 2658 19.
353 2602 401 2651 ὃ(
420 2600 500 2648 lib.
514 2620 530 2649 1
544 2622 588 2650 0.
602 2620 703 2669 cap.
727 2621 801 2664 14.
819 2598 997 2657 scribit,
1020 2602 1108 2646 Da·-

135 2668 311 2716 nielem
331 2667 567 2720 aedificasse
598 2673 645 2718 in
663 2671 910 2720 Ecbatanis
930 2669 1106 2719 Mediae

135 2737 442 2790 Mausoleum
461 2741 602 2791 valde
624 2743 896 2808 praeclarum
920 2776 935 2797 ,
956 2742 1004 2791 ὃς
1026 2741 1108 2786 mi-

136 2805 353 2858 rabiliter
376 2812 515 2858 nimis
532 2809 810 2860 instructum
830 2847 845 2868 ,
875 2809 1074 2858 subdens
1095 2830 1106 2862 :

136 2876 244 2941 Ejus
256 2881 530 2944 pulchritudo
544 2882 728 2932 ‘videtur
746 2899 864 2931 nova
881 2881 1107 2949 &fhlida,

136 2950 332 3016 nullaque
351 2952 567 3018 senec‘iute
601 2969 688 3001 tam
724 2957 869 3020 magni
905 2956 1100 3017 temporis

134 3017 411 3086 longevitate
440 3019 625 3088 const-Ha
651 3045 665 3083 ;
703 3027 794 3073 citm
829 3023 1009 3091 aedificia
1038 3039 1103 3070 ea-

134 3085 256 3145 dem,
291 3109 374 3157 que
398 3093 586 3141 homines
599 3099 822 3158 patiantur
835 3129 849 3150 ‚
882 3097 935 3143 (Ὗ
953 3093 1012 3141 ad
1025 3112 1103 3142 ve-

136 3157 341 3209 tuft'atem
364 3165 554 3215 ‘veniant
572 3196 587 3217 ‚
624 3165 677 3212 (ἃ
692 3165 776 3231 sua
789 3162 1102 3231 fortitudinQ,

134 3224 412 3294 longaevitate
437 3247 607 3282 careant
627 3267 644 3292 ,
678 3250 725 3282 ac
746 3239 918 3302 proprii
943 3235 1105 3285 decoris

1159 567 1425 634 fipeliuntur
1457 566 1522 616 ibi
1553 567 1787 619 Medorum
1813 570 1986 636 Reges,
2023 585 2146 636 atque

1172 638 1395 704 Persarum
1405 642 1572 702 pariter
1585 673 1601 694 ,
1631 644 1684 689 ὼ·
1703 641 1961 692 Parthorum
1977 673 1993 695 ,
2010 642 2065 688 &⁴
2079 644 2148 687 cui

1170 708 1251 754 haec
1267 724 1364 755 cura
1384 711 1667 756 committitur
1682 745 1697 767 ,
1723 711 1925 760 Sacerdos
1944 710 2013 758 ef}
2044 710 2144 776 ‘'Ju-

1169 778 1345 825 daeorum
1381 812 1391 823 .
1431 777 1490 827 Et
1526 777 1599 825 hoc
1619 782 1685 846 fit
1720 783 1842 848 usque
1880 780 1939 828 ad
1960 782 2147 848 praesens

1168 862 1329 913 tempus
1346 884 1355 893 .

1242 919 1352 965 Alia
1370 915 1689 964 Hebraeorum
1707 916 1978 985 sumptuosa
1997 918 2145 986 sepul-

1168 986 1304 1044 chra,
1333 1004 1563 1036 eorumve
1582 984 1869 1037 emblemata
1892 987 2023 1038 nobis
2043 988 2145 1057 sug-

1165 1059 1288 1124 gerit
1308 1061 1517 1126 Joannes
1545 1058 1782 1107 Henricus
1820 1061 2148 1127 Hottingerus

1168 1130 1215 1173 in
1234 1125 1322 1174 suis
1342 1131 1490 1192 Cippis
1507 1126 1762 1186 Hebraicis,
1784 1130 2046 1178 Latinitare
2066 1129 2147 1178 do-

1167 1199 1312 1254 natis,
1345 1194 1559 1262 notisque
1595 1196 1863 1256 illustratis3
1892 1198 1973 1246 ubi
1993 1201 2040 1245 in
2059 1218 2144 1266 pa-

1166 1268 1274 1333 gina
1295 1280 1318 1324 3
1334 1284 1376 1314 2.
1396 1266 1573 1316 tumuli
1594 1263 1722 1316 lsaiae
1745 1268 2018 1333 Prophetae,
2039 1286 2144 1317 ere-

1166 1338 1229 1385 cti
1264 1339 1310 1383 in
1343 1339 1551 1392 swam,
1590 1334 1876 1385 iconismum
1909 1341 2145 1405 apponit,

1167 1411 1296 1470 cujus
1314 1405 1705 1472 orthographiam
1726 1407 1893 1455 damus
1918 1409 1966 1454 in
1988 1406 2150 1455 Tabu-

1167 1478 1212 1526 la
1241 1479 1493 1527 XXXIX.
1523 1478 1693 1543 Figura
1724 1496 1763 1524 1.
1797 1478 1913 1527 &in
1937 1477 2145 1528 eadem-2

1169 1549 1337 1616 pagina
1388 1544 1691 1615 sepulchrum
1733 1549 1940 1596 alterum
1980 1550 2145 1612 Benja-

1168 1637 1264 1665 min
1282 1654 1297 1675 ,
1324 1616 1453 1683 quod.
1486 1616 1761 1666 exhibemus
1790 1616 1872 1665 sub
1905 1618 2076 1685 Figura
2099 1637 2145 1665 2.

1169 1693 1292 1738 Item
1314 1689 1481 1753 pagina
1504 1701 1581 1743 30.
1611 1688 1657 1731 in
1679 1685 1857 1735 eisdem
1878 1690 2046 1754 Cippis
2065 1690 2144 1735 ha-

1169 1756 1306 1805 betur
1325 1753 1476 1804 forma
1496 1755 1725 1821 sepulchri
1757 1755 1846 1804 Isai
1867 1759 2014 1805 Patris
2045 1761 2142 1805 Da-

1167 1827 1320 1882 vidis,
1335 1843 1477 1892 quam
1498 1823 1579 1872 sub
1597 1827 1695 1892 fig.
1717 1841 1758 1882 3.
1780 1823 2020 1875 afferimus
2034 1863 2043 1873 .
2071 1829 2147 1875 Pau

1165 1899 1274 1964 gina
1299 1911 1375 1958 34.
1402 1893 1577 1942 indicat
1598 1894 1905 1961 sepulchrum
1926 1898 2138 1955 Rachel,

1164 1971 1295 2029 cujus
1320 1964 1556 2014 emblema
1580 1963 1644 2013 est
1666 1962 1747 2011 sub
1766 1968 1864 2034 Fig.
1883 1986 1928 2029 4.
1945 1969 1995 2017 ἃ
2013 1970 2141 2034 pagi-

1163 2055 1220 2084 na
1247 2054 1330 2098 42.
1361 2032 1608 2101 sepulchra
1633 2037 1823 2101 Regum
1853 2036 2024 2084 domus
2052 2040 2144 2084 Da-

1167 2105 1250 2154 vid
1267 2140 1283 2163 ,
1303 2118 1356 2152 ut
1373 2107 1418 2151 in
1434 2106 1532 2172 Fig.
1558 2120 1601 2164 5.
1624 2107 1846 2172 Sequitur
1866 2107 1912 2152 in
1932 2125 2036 2174 pag.
2059 2126 2140 2171 44.

1165 2177 1377 2224 tumulus
1402 2175 1518 2221 alius
1539 2175 1740 2223 Chuldae
1763 2175 2009 2239 cujusdam
2033 2178 2143 2225 Pro-

1166 2242 1367 2314 phetiffae
1390 2281 1406 2302 ,
1434 2262 1576 2309 quem
1603 2246 1822 2312 ponimus
1858 2243 1940 2293 sub
1971 2249 2072 2315 Fig.
2093 2256 2142 2295 ὅ.

1163 2319 1213 2368 ὃς
1235 2318 1279 2363 in
1300 2325 1490 2383 pag.46.
1511 2328 1874 2363 monumentum
1896 2316 2144 2364 Zachariae

1162 2388 1405 2455 Propheta?
1428 2421 1442 2443 ‚
1470 2389 1599 2448 cujus
1620 2387 1862 2452 exemplar
1883 2386 1948 2434 est
1967 2385 2052 2435 sub
2071 2388 2144 2435 Fi-

1161 2475 1277 2526 gura
1296 2475 1340 2515 7.
1360 2456 1577 2522 Denique
1600 2473 1701 2523 pag.
1717 2461 1798 2519 48.
1823 2453 2142 2524 magnificum

1161 2526 1454 2595 l'epulchrale
1473 2523 1727 2573 aedificium
1747 2525 2141 2595 SimeonisJusti‚

1161 2601 1210 2650 ὃ(
1240 2595 1532 2666 septuaginta
1562 2597 1896 2663 Synedrorum
1930 2594 2140 2663 deligna-

1163 2686 1258 2727 tur,
1274 2673 1402 2732 cujus
1421 2680 1598 2733 typum
1615 2668 1778 2715 videre
1801 2665 1864 2714 est
1881 2663 1967 2713 sub
1988 2670 2141 2733 Pige.

1162 2741 1357 2808 Qiippe
1381 2754 1471 2784 non
1489 2735 1720 2784 divitibus
1741 2734 2142 2794 solummodo,ac

1159 2805 1454 2876 Principibus
1491 2808 1603 2853 viris
1624 2824 1710 2855 aere
1739 2807 1929 2874 privato
1962 2808 2140 2854 tumuli

1160 2877 1432 2931 excelsiores
1452 2873 1858 2934 construebantur,
1877 2876 1953 2926 sed
1969 2879 2018 2927 ὃς
2036 2878 2140 2923 Pro-

1156 2951 1333 3017 phetis,
1364 2965 1415 2994 ac
1439 2948 1551 2994 viris
1569 2945 1698 3006 justis
1717 2982 1733 3003 ,
1771 2947 1881 2995 licet
1915 2946 2136 3014 pauperi-

1155 3020 1238 3068 bus
1257 3056 1271 3078 ,
1304 3016 1504 3086 publicis
1533 3030 1689 3065 tamen
1711 3018 1834 3064 votis
1865 3036 1916 3063 ac
1938 3014 2136 3082 sumpti·

1156 3090 1240 3138 bus
1261 3126 1271 3137 .
1305 3086 1452 3156 Qlod
1473 3090 1516 3134 S.
1539 3088 1876 3153 Hieronymus
1897 3086 2136 3140 recolens,

1154 3163 1203 3212 &
1220 3159 1484 3227 expendens
1502 3157 1597 3204 haec
1618 3156 1792 3205 Christi
1813 3155 2013 3200 Domini
2033 3171 2136 3202 ver-

1161 3230 1219 3280 ba
1256 3229 1382 3299 apud
1412 3227 1697 3277 Matthaeuin
1722 3241 1821 3289 cap.
1854 3237 1934 3280 23.
1961 3237 2035 3280 13.
2072 3225 2137 3274 Vae

2001 3293 2134 3343 ‘vobis
