2482 3742
687 267 1053 317 *INDEX

113 332 259 373 Leones
271 334 309 371 in
324 337 468 382 porticu
484 332 650 372 Ecclesiae
663 332 696 370 S.
708 333 828 374 Sabbae
840 347 899 382 34.
913 347 936 372 ι.

209 383 253 420 In
278 383 471 433 sepulchris
489 396 536 426 3¹·
556 397 590 420 z.

210 431 356 472 stantes
376 436 420 473 ad
441 433 566 472 fontes
587 443 698 483 prope
723 432 907 472 Thermas
929 434 1079 475 D10cle-

162 481 277 520 tianas
289 512 301 530 ,
330 485 389 523 ubi
405 483 604 532 antiquitus
618 482 673 524 fiti
689 493 792 523 erant
807 496 866 531 34·
883 497 912 522 1.

211 531 350 570 Eorum
366 533 559 582 describtio
575 563 588 582 ‚
611 533 698 572 ibid·

207 580 412 622 Trahentes
437 596 587 624 currum
608 586 645 623 in
661 584 784 622 tabula
798 595 1009 624 marmorea
1028 583 1082 625 in⁴

159 629 288 679 sculpti
307 645 362 678 5²·
383 647 415 672 2.

210 681 252 718 In
275 683 408 723 throno
424 683 592 723 Consulis
607 680 767 722 Romani
784 694 881 731 31.1.

213 730 254 768 In
273 734 406 772 throno
425 734 632 772 Salomonis
649 745 707 780 31·
721 743 748 767 1·

108 780 281 836 Leonum
297 782 635 834 Hieroglyphicum
651 795 706 825 30·
725 793 759 818 2-

106 829 250 869 Leonin
281 833 402 872 versus
419 846 495 883 quo
511 843 683 882 tempore
698 831 839 871 inventi
862 832 918 867 28.
936 845 970 868 ε.

109 843 318 935 leopardus
332 910 345 929 ‚
371 883 537 922 Cervum
553 881 735 922 devorans
749 910 761 928 ,
773 878 953 930 express'us
963 881 1000 919 in
1014 881 1085 920 Ba·-

157 930 255 968 filica
278 931 453 972 Siciniana
480 939 537 979 56.
550 946 574 971 ι.

108 978 218 1017 Liber
230 982 316 1029 quid
329 983 372 1021 fit
393 995 407 1020 1
418 988 474 1022 28.
491 996 515 1019 1.

110 1028 254 1076 Lingua
281 1032 391 1070 latina
415 1032 527 1080 qualis
548 1033 568 1071 ὲ
592 1035 644 1072 bis
669 1032 770 1071 mille
795 1030 930 1076 &300.
953 1028 1052 1068 annis
1071 1056 1083 1075 ‚

142 1077 308 1131 “difficile
322 1084 371 1119 est
384 1081 539 1120 aflerere
557 1088 637 1125 265.
655 1095 687 1120 2.

107 1127 231 1166 thera
244 1129 280 1169 T
295 1131 455 1170 Crucem
478 1131 677 1172 Salvatoris
701 1130 852 1168 denotat
871 1131 934 1174 96·
952 1142 984 1165 2·

105 1177 231 1216 Litera
245 1180 280 1217 in
295 1180 449 1220 vestibus
463 1193 537 1222 non
557 1184 606 1221 ob
620 1192 761 1221 nomen
775 1178 925 1223 alicujus
939 1207 952 1226 ‚
966 1178 1027 1218 sed
1039 1178 1085 1218 ad

146 1229 350 1281 ,arbitrium
369 1239 468 1270 teXta
487 1244 559 1269 100.
572 1245 595 1269 1.

110 1274 244 1333 Literae
254 1307 268 1326 ‚
289 1279 424 1319 scilicet
438 1282 660 1320 charafieres
673 1293 738 1321 cur
751 1279 941 1319 adinventi
962 1286 1036 1318 126.
1051 1294 1082 1318 2.

110 1324 279 1367 Literatae
303 1330 418 1367 vestes
429 1343 491 1375 90.
510 1342 545 1366 2.

208 1378 250 1415 In
266 1376 415 1417 diversis
436 1376 558 1426 figuris
573 1377 818 1416 Ecclesiarum
843 1378 953 1415 Urbis
966 1391 1031 1417 101.
1051 1393 1083 1419 2.

108 1426 280 1466 Literatae
302 1438 343 1466 ac
361 1427 498 1466 cifratae
513 1428 631 1465 vestes
645 1439 704 1472 99.
724 1438 749 1462 1.

110 1476 237 1517 Literae
251 1476 289 1515 in
305 1476 458 1515 Laciniis
472 1475 672 1515 Palliorum
693 1488 745 1522 9¹·
764 1489 794 1514 1.

208 1527 251 1564 In
273 1526 429 1565 vestibus
455 1526 745 1566 Christianorum
770 1524 953 1573 peculiare
971 1526 1085 1575 quod·-

158 1576 249 1615 dam
264 1576 480 1625 mysterium
498 1577 677 1616 denotant
690 1581 751 1621 96.
768 1589 800 1614 2·

206 1625 385 1675 Symbola
406 1627 480 1666 five
495 1625 631 1666 telierae
645 1626 831 1675 appellatae
844 1638 904 1669 ρο.
925 1639 958 1661 2.

211 1676 301 1715 Non
316 1675 380 1714 nisi
395 1675 556 1715 Artificis
573 1687 717 1715 nomen
728 1703 740 1722 ,
768 1673 831 1713 seu
845 1674 1082 1715 officinarum

160 1725 311 1773 infignia
324 1725 550 1766 denotabant
573 1736 652 1768 105.
668 1740 702 1764 2.

213 1775 324 1814 Erant
346 1777 497 1815 occultae
515 1785 609 1814 notae
622 1790 684 1822 99·
702 1786 734 1812 ι.

110 1825 240 1866 Literae
265 1823 304 1861 P·
328 1823 374 1863 T.
398 1833 437 1862 Θ.
464 1826 499 1865 in
524 1824 762 1874 Philosophiae
792 1824 891 1863 veste
909 1823 1083 1873 inscriptae

164 1888 226 1922 97.
246 1887 276 1911 1.

109 1924 330 1964 Litnostrata
348 1923 435 1974 quid
450 1938 510 1973 79.
531 1938 560 1962 1.
577 1925 614 1962 δέ
628 1924 697 1973 seq.

113 1975 213 2014 Loth
225 2003 236 2020 ‚
264 1975 301 2014 δέ
317 1975 504 2013 Abraham
530 1974 670 2014 historia
685 1972 825 2021 depic'ia
838 1975 982 2013 musivo
995 1985 1083 2022 ope-

91 2037 94 2040 ’
166 2035 203 2063 re
218 2023 254 2062 in
269 2036 405 2063 corona
418 2025 582 2063 Ecclefiae
596 2024 629 2062 S.
647 2024 771 2065 Mariae
784 2023 936 2070 Maioris
954 2038 971 2062 2
982 2036 994 2061 ι
1002 2037 1036 2072 3.
1053 2037 1083 2061 1.

113 2073 250 2112 LotIna
265 2075 414 2114 Corona
432 2087 509 2117 107.
528 2088 560 2111 2.

115 2123 289 2164 Lucernae
306 2153 318 2171 ‚
346 2125 424 2163 five
451 2124 637 2171 lampades
662 2124 696 2162 in
724 2125 833 2173 porti3
850 2124 1085 2165 civitatum..

165 2174 332 2223 expressit
355 2174 442 2223 quid
455 2173 655 2222 significent
677 2187 756 2220 190.
773 2188 801 2212 1.

215 2223 426 2263 Earundem
462 2224 627 2265 accenfio
654 2226 698 2262 ab
724 2224 911 2276 AEgyptiis
935 2224 1086 2266 defluxit

167 2286 248 2320 19¹·
270 2288 299 2312 r.

220 2322 428 2362 Earundem
442 2323 587 2362 Festum
599 2328 658 2359 62.
679 2337 710 2362 1.

115 2373 266 2414 Luciam
298 2373 553 2413 testimonium
578 2372 709 2421 priscos
738 2372 878 2412 Fideles
904 2373 1093 2415 habuisse,

150 2440 153 2442 ·
169 2436 249 2471 141.
264 2437 296 2459 2.

114 2472 293 2513 Ludovici
308 2473 539 2522 Imperatoris
567 2472 696 2522 imago
720 2485 808 2511 cum
832 2471 1087 2515 Diademate.)

169 2536 183 2560 1
196 2537 249 2570 14.
269 2537 301 2561 2.
1058 2569 1064 2572 ι

116 2572 280 2661 Lussrcnisna
309 2572 504 2623 antiquitus
532 2571 640 2612 noste
653 2572 944 2613 accendebantur
965 2587 1092 2621 190,1.

235 2634 292 2672 eq.

115 2672 316 2717 Lunanaria
329 2672 390 2713 ubi
404 2671 495 2710 olim
513 2685 554 2718 25
562 2685 591 2714 3·
611 2684 643 2719 5.

115 2721 270 2771 Luparia
282 2750 294 2769 ,
321 2734 362 2761 ac
374 2721 578 2772 Lupanaria
594 2720 631 2759 in
644 2720 782 2761 Subura
796 2733 896 2763 erant
914 2727 995 2766 262.
1013 2740 1044 2762 2.

116 2772 271 2820 Άυχνοκωΐν
290 2777 349 2809 62.
367 2786 398 2811 1.

118 3021 228 3113 M
245 3018 361 3058 Acelli
376 3032 452 3061 vox¹
465 3019 550 3068 quid
564 3018 716 3057 denotet
738 3022 818 3056 266.
838 3034 868 3058 x.

255 3069 310 3106 M.
325 3069 496 3118 Magister
510 3068 710 3114 Religionis
739 3067 1083 3118 Hierosolymitanae

168 3119 207 3156 in
227 3119 285 3156 die
301 3118 511 3158 Nativitatis
536 3118 573 3155 Β.
586 3118 710 3156 Mariae
726 3118 886 3167 Virginis
902 3148 913 3165 ,
940 3121 1090 3170 quando

168 3168 304 3217 legitur
320 3167 562 3216 Evangelium
578 3194 591 3213 ‚
617 3167 791 3219 evaginat
807 3169 933 3208 ensem
955 3183 1036 3220 137.
1057 3184 1092 3210 ι.

122 3217 320 3266 Magorum
333 3220 480 3267 Regum
497 3215 661 3254 adoratio
672 3244 685 3263 ‚
711 3221 867 3267 expressa
882 3219 918 3258 in
934 3219 1091 3260 summi·-

169 3277 245 3317 tate
266 3278 369 3308 arcus
387 3268 421 3306 S.
438 3265 563 3304 Mariae
578 3265 732 3310 Maioris
749 3272 831 3308 108.
849 3282 881 3307 1.

117 3316 341 3364 Majorenses
353 3318 418 3368 qui
435 3330 449 3356 ι
459 3329 515 3356 20.
532 3330 565 3354 ε.

1125 266 1510 318 RERUM

1136 337 1271 375 Manus
1285 362 1296 380 ‚
1324 334 1344 371 ‘e
1356 334 1466 373 Coelo
1479 344 1674 380 erumpens
1699 331 1782 382 quid
1796 331 1945 373 denotet
1968 350 2044 383 194.
2065 352 2079 374 2
2092 358 2101 368 ·

1136 385 1334 424 Marcellus
1355 384 1549 421 Severolus
1570 382 1737 420 laudatur
1754 395 1812 426 92·
1833 395 1864 418 2.
1882 382 1919 418 ὃς
1932 392 1994 429 98,
2012 399 2045 421 2.

1127 434 1248 474 Marci
1264 432 1386 480 opinio
1402 432 1447 470 de
1460 432 1572 470 literis
1586 430 1623 468 iu
1639 432 1793 470 vestibus
1802 437 1864 474 98.
1882 442 1912 466 1.

1129 485 1277 525 Marcus
1292 481 1478 520 Antonius
1501 492 1544 520 ex
1559 480 1723 519 Herculis
1737 479 1898 530 prosapia
1916 484 1971 521 56.
1986 497 2020 520 2.

1230 531 1403 576 Ejusdem
1416 530 1616 577 triumphus
1628 530 1674 567 de
1690 531 1871 569 Artabazo
1888 543 1942 574 57·
1964 544 1992 569 1.

1131 583 1280 621 Marcus
1294 581 1445 619 Scaurus
1462 591 1648 617 marmore
1661 581 1811 619 obduxit
1826 579 1978 627 parietes
1988 594 2048 628 79.
2064 597 2095 618 2.

1130 634 1170 673 Β.
1199 632 1308 670 ΜΛκ
1328 644 1371 667 m
1392 629 1511 677 Virgo
1525 657 1536 675 ‚
1563 641 1610 667 an
1628 627 1806 680 assiunpta
1820 642 1904 669 cum
1919 643 2069 680 corpore
2088 662 2100 679 ‚

1180 693 1246 720 nec
1261 693 1304 719 ne
1318 681 1337 719 ε’
1368 691 1470 721 521·

1131 731 1292 770 &Mariae
1304 732 1341 769 in
1355 727 1557 767 Cosmedin
1574 727 1737 767 Ecclefiae
1748 728 2008 776 Ichnograpbia
2022 745 2053 768 ιι
2063 745 2100 769 .1.

1131 781 1300 820 S-Mariae
1319 778 1546 826 Magdalenae
1561 777 1694 816 domus
1709 807 1720 825 ‚
1747 778 1784 816 in
1798 778 1997 818 Eccleliam
2008 794 2098 821 con-

1182 831 1284 869 versa
1310 844 1321 866 1
1334 840 1388 875 ςς.
1409 841 1438 864 ι.

1136 880 1252 918 MarIs
1268 879 1364 918 rubri
1378 875 1624 915 Israelitarum
1639 879 1810 917 transitus
1828 889 1868 913 21
1878 883 1911 916 8.
1925 891 1943 914 2
1953 906 1962 915 .

1136 933 1364 968 Marmorata
1380 932 1436 967 86.
1458 940 1486 962 1·
1498 925 1534 963 δέ
1551 933 1607 973 87.
1624 940 1656 964 ι.

1137 979 1331 1018 Marmore
1351 978 1504 1026 parietes
1515 977 1649 1025 primus
1664 975 1812 1016 obduxit
1827 975 1976 1014 Marcus
1989 976 2096 1016 Scau-

1187 1040 1245 1067 rus
1260 1042 1319 1077 79.
1339 1044 1371 1066 κ.

1137 1077 1436 1118 Marmorearum
1456 1079 1655 1118 crustarum
1680 1076 1784 1124 copia
1804 1074 1901 1113 unde
1926 1075 2100 1123 prodierit

1184 1141 1245 1176 71.
1263 1142 1293 1167 1.

1134 1179 1407 1219 Maronitarum
1427 1210 1437 1227 ,
1465 1181 1502 1218 ὃς
1523 1174 1779 1216 Chaldaeorum
1807 1174 1894 1214 uniO
1922 1186 2011 1212 cum
2033 1176 2102 1215 Ec-

1186 1229 1291 1267 clesia
1304 1229 1472 1268 Romana
1485 1241 1546 1279 45.
1563 1241 1594 1264 2.

1136 1278 1349 1327 Martyrum
1365 1279 1554 1317 memoriae
1571 1276 1712 1315 Altaria
1730 1278 1810 1312 180.
1825 1287 1855 1309 1.

1237 1328 1453 1368 Eorundem
1468 1327 1743 1376 sepulchrorum
1767 1324 2025 1375 orthographia
2038 1325 2103 1364 de·-

1188 1379 1406 1416 monstratur
1433 1385 1509 1423 173.
1528 1392 1557 1414 2.

1139 1425 1302 1463 Materiae
1315 1428 1434 1471 plures
1448 1428 1492 1464 ad
1508 1426 1737 1465 scribendum
1758 1424 1962 1462 adinventae
1986 1439 2000 1463 1
2010 1429 2104 1461 26.2.

1137 1473 1383 1513 Matrouaeum
1400 1476 1486 1525 quid
1502 1477 1539 1512 ἃ
1554 1474 1613 1512 ubi
1632 1479 1672 1511 18
1705 1488 1736 1511 2.
1752 1473 1789 1510 &
1802 1474 1898 1526 seqq.

1132 1522 1323 1561 Mausolea
1341 1525 1455 1563 etiam
1478 1522 1618 1562 Hebraei
1645 1525 1870 1563 construxere
1903 1527 1981 1566 165.
1999 1536 2030 1562 1.

1231 1572 1378 1620 Regum
1398 1575 1584 1623 sepulchra
1598 1583 1702 1612 erant
1721 1579 1802 1621 164.
1824 1586 1854 1610 2.

1131 1620 1368 1660 Mausoleum
1384 1624 1592 1662 Artemifiae
1614 1622 1709 1661 inter
1724 1624 1865 1673 septem
1890 1621 2022 1663 mundi
2037 1621 2106 1661 mi-

1180 1673 1301 1711 racula
1323 1683 1632 1711 connumeratum
1666 1678 1744 1714 163.
1763 1689 1794 1712 2.

1231 1720 1403 1761 Hadriani
1421 1722 1658 1767 Imperatoris
1680 1726 1757 1759 168.
1772 1738 1804 1759 2.

1232 1770 1428 1812 Ostaviaui
1452 1771 1598 1812 Caesaris
1612 1773 1766 1821 Augusti
1788 1774 1823 1810 iu
1839 1771 1986 1821 Campo
2000 1772 2105 1810 Mar·-

1183 1820 1236 1859 tio
1264 1823 1343 1868 167·
1363 1838 1393 1860 2.

1234 1869 1399 1912 Primum
1422 1875 1528 1921 quale
1550 1870 1659 1911 fucrit
1685 1874 1763 1917 163.
1779 1886 1811 1910 2.

1133 1918 1180 1957 de
1192 1919 1362 1961 Maximis
1377 1922 1578 1961 Cardinalis
1600 1920 1881 1970 Antiquitatum
1903 1919 2106 1960 amantiffi-

1185 1981 1268 2008 mus
1285 1975 1341 2016 58.
1360 1988 1386 2010 1.

1135 2020 1407 2060 Melchisedech
1432 2022 1573 2060 historia
1590 2020 1736 2058 mufivo
1760 2035 1870 2068 onere
1892 2019 2048 2071 expreffa
2069 2019 2108 2059 in

1185 2070 1358 2110 coronide
1377 2072 1536 2111 Ecclefiae
1561 2071 1597 2109 S.
1612 2069 1737 2108 Mariae
1751 2072 1903 2120 Majoris
1924 2086 2004 2111 212.
2023 2083 2059 2108 ι.

1138 2119 1330 2158 Memoriae
1343 2132 1445 2160 erant
1461 2122 1646 2167 sepulchra
1665 2124 1744 2167 176.
1762 2135 1789 2157 1..

1136 2169 1312 2208 Mevania
1326 2171 1414 2209 olim
1429 2171 1568 2209 Civftas
1586 2174 1640 2210 83·
1662 2181 1693 2204 1.

1139 2220 1295 2260 Michael
1311 2220 1501 2259 Baudrand
1518 2217 1686 2258 laudatur
1701 2235 1735 2267 3.
1759 2235 1787 2259 1.
1817 2219 1936 2271 &seq

1140 2269 1261 2308 Mima
1275 2270 1450 2321 Cytheris
1466 2284 1544 2321 quae
1559 2268 1579 2306 ,θ
1604 2281 1659 2310 52.
1674 2283 1707 2307 2.
1723 2271 1761 2308 ὃ(
1775 2271 1834 2319 seq
1864 2295 1872 2305 .

1143 2319 1292 2358 Moenia
1314 2322 1509 2371 antiquitus
1524 2333 1566 2360 ex
1580 2319 1753 2367 lapidibus
1768 2282 1946 2371 quadratis
1971 2318 2108 2357 fiebant

1193 2373 1253 2414 64.
1269 2384 1299 2407 1.

1138 2420 1314 2466 Monachi
1330 2419 1552 2461 Benedictini
1577 2419 1670 2458 olim
1684 2419 1868 2467 degebant
1895 2419 1931 2457 in
1948 2417 2106 2459 Ecclefia

1188 2472 1222 2507 S.
1237 2469 1417 2510 Pancratii
1436 2484 1492 2518 24·
1507 2484 1538 2508 2.

1141 2523 1412 2564 Monachorum
1429 2523 1528 2560 locus
1544 2520 1578 2557 in
1595 2519 1756 2560 Ecclefiis
1784 2525 1838 2558 18.
1853 2534 1885 2557 2.

1141 2571 1362 2615 Monasteria
1374 2569 1695 2610 Benediffinorum
1708 2571 1800 2608 olim
1814 2579 1917 2609 erant
1932 2569 2107 2619 quinqua*

1193 2619 1371 2669 gintaduo
1385 2621 1496 2659 millia
1507 2623 1567 2668 78.
1584 2633 1615 2656 x.

1140 2670 1401 2713 Monasterium
1413 2671 1446 2707 S.
1461 2672 1611 2718 Agathae
1625 2670 1875 2708 Ravennatem.
1897 2673 1937 2706 18
1947 2681 1977 2712 5.
1997 2682 2027 2705 1.

1141 2720 1406 2762 Monasterium
1428 2721 1461 2757 S.
1474 2718 1629 2767 Agnetis
1652 2720 1685 2757 in
1702 2720 1759 2760 via
1771 2721 2012 2759 Nomentana
2037 2728 2111 2766 quo

1193 2782 1363 2817 tempore
1375 2770 1621 2808 construffiim
1637 2783 1697 2816 72.
1723 2783 1753 2806 1.

1142 2820 1408 2861 Monasterium
1432 2819 1653 2857 Monialium
1682 2821 1715 2861 le
1734 2820 1913 2858 Tarchine
1937 2816 2111 2856 denomi<

1191 2879 1361 2909 natarum
1378 2868 1437 2907 ubi
1458 2872 1538 2915 264.
1560 2882 1591 2906 2.

1137 2918 1368 2960 Monialium
1388 2948 1401 2966 ,
1427 2918 1500 2958 five
1525 2917 1724 2965 virginum
1752 2919 1853 2957 locus
1879 2917 1916 2955 in
1943 2916 2108 2955 Ecclefiis

1190 2976 1240 3008 18.
1260 2983 1292 3005 2.

1139 3018 1377 3061 Monimenta
1388 3018 1620 3064 sepulchralia
1631 3017 1893 3065 Magistrorum
1905 3014 2014 3053 Gallae
2029 3014 2111 3053 Pla-

1190 3068 1290 3108 cidiae
1305 3067 1466 3106 filiorum
1486 3082 1567 3117 224.
1585 3081 1617 3106 2.

1140 3119 1434 3165 Monogramma
1450 3117 1534 3166 quid
1547 3132 1607 3163 90.
1630 3131 1662 3154 2.

1140 3169 1435 3215 Monogramma
1448 3168 1495 3206 A.
1511 3168 1548 3206 ὃς
1560 3184 1592 3205 ω.
1604 3164 1731 3206 Christi
1746 3175 1884 3203 nomen
1899 3163 2107 3212 exprimens

1191 3232 1208 3254 2
1218 3232 1234 3254 2
1265 3242 1275 3252 ο
1289 3231 1321 3253 2·

1140 3230 1434 3313 Montigramma
1449 3265 1474 3303 Ι.
1489 3265 1526 3302 in
1541 3263 1669 3303 Christi
1685 3264 1783 3302 veste
1805 3276 1885 3309 ⁸²7·
1902 3276 1925 3300 ι.

1240 3315 1343 3356 Idem
1356 3314 1394 3354 in
1407 3314 1557 3356 fimbriis
1572 3313 1675 3353 vestis
1688 3326 1731 3352 cu
1735 3312 1880 3358 jusdam
1895 3313 1963 3353 viri
1980 3325 2102 3401 ”15312'

2065 3375 2107 3400 0-
