2425 3747
291 316 360 350 ,ιι

296 367 624 434 conjeauram
653 382 712 415 ex
751 383 935 416 annexo
966 383 1275 434 monogram-

295 452 442 497 mate,
459 441 507 486 in
522 438 729 506 quinque
747 438 860 486 locis
877 435 993 502 septi
1013 439 1274 485 marmorei

295 508 554 578 insculpto,
567 507 696 574 quod
712 507 924 574 explicat
944 504 1083 556 Nico·
1118 525 1131 573 3

295 584 420 641 laus;
451 577 687 644 fulcitque
715 575 1082 638 ejusmodicon-
1122 598 1128 632 5

292 652 527 714 jesturam
555 645 661 694 satis
679 644 919 714 probabili
936 649 1082 696 ratio·
1126 673 1129 674 ⁷

294 739 413 770 num
439 730 668 787 apparatu
686 752 696 762 .
725 720 882 765 Datur
907 730 1070 767 ,tamen
1099 716 1270 782 aliquis

295 788 588 840 dubitationi
612 787 742 836 locus
771 805 831 835 ex
858 783 953 854 ipsa
980 789 1129 836 literae
1158 805 1270 837 conr

291 860 597 915 formatione,
611 875 712 924 quae
731 857 790 906 ad
807 875 980 906 vocem
996 858 1177 907 Nicolai
1192 875 1269 904 ex-

293 929 596 1000 primendam
622 927 743 974 trahi
772 945 868 975 non
894 924 1019 995 posse
1044 927 1270 985 videtur,

292 999 403 1049 crim
421 1002 558 1048 litera
574 999 847 1066 principalis
859 1000 1043 1048 H.voci
1061 997 1270 1048 Nicolaus

291 1071 442 1139 aptari
457 1083 674 1136 nequeat.
692 1066 1035 1117 Desiderantur
1048 1081 1272 1137 praeterea

293 1145 439 1190 literae
458 1144 516 1190 C.
545 1140 596 1190 &
613 1140 666 1186 L.
682 1137 771 1188 nisi
788 1141 1010 1208 Ugonius
1036 1135 1197 1188 asserat
1218 1140 1271 1186 L.

291 1209 490 1260 formari
505 1212 531 1259 a
546 1211 672 1258 linea
691 1207 952 1258 transversa
981 1209 1064 1257 sub
1082 1213 1126 1258 S.
1144 1227 1272 1258 com-

291 1275 442 1351 posita
469 1298 580 1328 cum
600 1278 903 1329 antecedenti
920 1279 1097 1332 hastula
1122 1282 1271 1330 literae

292 1356 360 1402 N.
383 1353 645 1417 Utcunque
673 1348 761 1409 fit,
800 1351 1089 1401 invenienda
1116 1351 1269 1399 adhuc

290 1425 385 1473 erit
400 1423 447 1469 in
465 1436 882 1489 monogrammate
903 1423 1041 1471 litera
1059 1426 1116 1472 C.
1134 1424 1270 1491 Ugo-

291 1495 359 1541 nii
376 1491 664 1542 sententiam
687 1491 948 1559 sequuntur
973 1494 1270 1541 Alemannus

291 1563 345 1614 de
369 1561 728 1632 Lateranenfibus
755 1565 1129 1631 Parietinis'cap.
1156 1578 1199 1621 3.
1221 1565 1270 1613 &

289 1631 632 1683 eruditissimus
651 1636 732 1681 Du
755 1638 917 1704 Cange
935 1637 981 1681 in
1003 1634 1084 1682 suo
1102 1634 1272 1702 Magno

289 1705 503 1774 quffltrio
544 1706 591 1750 in
633 1704 717 1752 hac
750 1723 869 1753 voce
899 1705 1274 1775 Monogrammas

290 1794 396 1842 pag.
413 1781 533 1823 666.
553 1777 655 1842 Ego
684 1774 801 1822 vero
817 1775 1035 1824 divinare
1057 1790 1189 1824 tento
1203 1812 1218 1833 ‚
1240 1774 1274 1823 {i

289 1862 450 1893 meam
475 1842 663 1911 profero
689 1842 974 1894 sententiam
991 1881 1007 1903 ,
1046 1845 1271 1896 dum‘hoc

288 1933 658 1983 monogramma
684 1917 751 1983 Jo
768 1930 799 1962 H
812 1935 839 1963 A
854 1933 884 1963 N
901 1933 932 1964 N
949 1931 972 1962 Ε
987 1931 1005 1961 s
1045 1916 1272 1964 denotare

289 1981 462 2034 assero:
491 1985 641 2050 qualis
661 1998 823 2033 autem
842 1984 1147 2053 isteJoannes
1172 1983 1275 2034 fue·

290 2057 373 2113 rit,
386 2053 539 2103 fateor
555 2072 632 2102 me
650 2055 880 2122 ignorare.
903 2054 1129 2119 Ejusdem
1146 2053 1272 2104 Basi-

290 2126 392 2174 licae
415 2127 695 2173 interiorem
711 2127 1111 2194 Scenographiam
1137 2128 1273 2176 exhi-

291 2195 459 2245 bemus
474 2231 491 2252 ,
526 2214 578 2243 ac
607 2196 845 2264 Orthogra
855 2198 1015 2264 phiam
1032 2196 1242 2265 porticfis
1256 2232 1272 2255 ,

290 2284 379 2315 nec
395 2284 489 2314 non
510 2261 650 2314 faciei
669 2266 905 2324 lateralis,
922 2285 1022 2334 quae
1040 2266 1274 2317 Austrum

291 2337 555 2404 respicit,ut
569 2339 617 2382 in
637 2335 1271 2388 TabulisV111.&IX.Plu-

290 2425 341 2456 ra
356 2410 414 2456 de
432 2405 642 2474 partibus
659 2407 965 2456 interioribus
981 2408 1184 2457 dicenda
1198 2406 1271 2457 fo-

290 2491 398 2528 rent
411 2513 427 2535 ,
454 2475 533 2525 sed
548 2475 606 2525 de
623 2477 691 2525 his
708 2476 825 2529 infra
841 2493 928 2544 cap.
946 2496 991 2526 2.
1008 2477 1091 2526 ubi
1110 2478 1274 2527 Tabu-

290 2550 390 2598 lam
407 2547 837 2615 Ichnographicam
856 2566 1151 2615 exponemus
1167 2585 1176 2595 .

376 2619 602 2666 Praeterea
632 2634 718 2684 pro
750 2617 978 2666 coronide
1007 2619 1177 2665 harum
1204 2616 1273 2665 sa-

294 2705 484 2736 crarum
504 2686 717 2745 AEdium,
729 2684 902 2738 faciem
918 2689 1089 2755 templi
1107 2688 1272 2751 Sanffig

291 2759 459 2808 Mariae
491 2759 537 2804 in
568 2757 832 2807 Cosmedin
863 2795 878 2816 ,
928 2759 1038 2806 alias
1075 2759 1274 2809 Schola„

295 2829 440 2879 Graeca
455 2862 471 2884 ,
498 2845 597 2893 quae
617 2828 852 2877 Diaconia
871 2864 887 2886 ‚
919 2846 972 2875 ac
990 2828 1136 2876 etiam
1154 2829 1270 2878 Col-

292 2901 467 2969 legiata
489 2895 554 2946 est
569 2932 584 2954 ‚
613 2897 757 2946 libuit
774 2898 1022 2948 annestere
1037 2933 1052 2954 ‚
1075 2916 1271 2966 quaeque

294 2968 407 3018 cum
437 2965 750 3016 vetustiffima
783 2967 840 3017 fit
863 3005 877 3026 ,
915 2971 965 3019 &
996 2970 1044 3014 in
1070 2987 1124 3018 ea
1161 2970 1271 3027 (uti

292 3036 419 3088 fama
443 3037 548 3100 est)
587 3040 743 3087 Divus
769 3039 1062 3107 Augustinus
1088 3041 1271 3091 Rheto-

294 3111 443 3157 ricam
482 3107 701 3157 docuerit
724 3146 740 3167 ,
791 3107 1126 3159 observatione
1171 3129 1269 3159 non

295 3176 618 3249 perfunctoria
657 3179 798 3248 digna
837 3180 902 3228 est
931 3216 942 3227 .
995 3179 1164 3228 Turris
1201 3179 1269 3229 ibi

295 3251 587 3317 campanaria
613 3247 783 3303 visitur
810 3249 1066 3300 altitudine
1095 3247 1272 3319 speeta-

297 3319 402 3369 bilis
417 3355 433 3377 ‚
467 3339 579 3369 nam
594 3317 777 3389 septem
790 3321 1036 3373 ordinibus
1051 3323 1274 3373 Archite-

705 294 1135 350 VETERA
1206 290 1907 347 MONIMENTA

1326 365 1524 414 {ionicis
1538 365 1734 424 constat,
1750 381 1804 415 ut
1819 372 1867 414 in
1884 365 2077 417 Tab.X.
2094 367 2299 438 conspici

1327 434 1501 504 potest.
1542 440 1599 486 In
1623 436 1833 505 porticus
1851 433 2054 507 ingreffu
2072 435 2208 506 super
2224 459 2300 489 co·

1326 507 1520 562 lumnis,
1533 502 1713 555 ferrum
1727 508 2015 574 quadratum
2037 507 2096 556 ad
2113 511 2298 559 colum—

1326 594 1495 625 narum
1517 580 1957 628 concatenationem
1983 576 2189 646 positum
2204 580 2269 629 est
2283 617 2299 639 ,

1326 649 1373 695 in
1392 664 1485 714 quo
1504 650 1721 697 nonnulli
1753 650 1914 696 annuli
1942 647 2082 699 ferrei
2096 685 2114 707 ,
2136 651 2164 698 ὲ
2191 652 2298 716 qui-

1326 719 1410 765 bus
1451 717 1709 783 antiquitds
1738 720 1843 768 vela
1870 716 2271 786 suspendebantur
2288 757 2298 766 .

1325 790 1426 854 Qi
1447 789 1609 835 annuli
1635 788 1787 837 adhuc
1815 787 2037 837 visuntur
2065 791 2112 836 in
2134 789 2301 838 simili-

1327 859 1410 908 bus
1425 859 1630 925 antiquis
1644 859 1906 926 porticibus
1923 860 2127 906 aliarum
2146 862 2304 909 Eccle-

1326 928 1499 980 fiarum
1517 965 1533 987 ‚
1553 946 1724 997 nempe
1741 928 1998 997 supr-adisti
2014 930 2170 979 Sancii
2189 933 2302 980 Cle-

1325 1002 1513 1057 mentis,
1531 1002 1574 1048 S.
1590 999 1827 1057 Cosmati,
1849 1003 1878 1048 S
1898 1002 2082 1057 Alexii,
2100 1003 2301 1051 S.Geor-

1327 1074 1393 1140 gii
1415 1073 1463 1118 in
1478 1069 1691 1120 Velabro
1707 1106 1723 1128 ,
1752 1089 1804 1118 ac
1821 1073 1863 1117 S.
1884 1071 2115 1120 Praexedis
2132 1106 2143 1117 .

1398 1145 1471 1191 De
1499 1142 1584 1189 hac
1617 1139 1784 1190 eadem
1815 1138 2011 1189 Basilica
2045 1143 2180 1208 plura
2207 1140 2303 1189 dici

1325 1209 1505 1280 possent
1523 1247 1539 1269 ,
1576 1210 1655 1260 sed
1681 1212 1794 1259 nolo
1819 1211 1990 1260 falcem
2013 1228 2186 1277 ponere
2215 1213 2303 1258 iri-³

1323 1280 1515 1332 meffem
1532 1283 1736 1330 alienam
1751 1317 1767 1339 ,
1787 1279 1897 1330 edm
1923 1282 1982 1331 de
2012 1283 2094 1329 illa
2125 1283 2304 1329 amicus

1323 1353 1478 1402 noster
1517 1357 1578 1403 D.
1625 1350 1756 1400 Abas
1802 1354 2006 1401 Carolus
2048 1352 2302 1399 Bartholo-

1323 1443 1463 1473 maeus
1482 1419 1881 1485 Piaz-za‚ejusdem
1895 1419 2108 1470 Ecclefiae
2124 1422 2303 1468 Archi-

1325 1492 1902 1563 presbyter(Reipublicae
1919 1493 2225 1542 eruditorum
2241 1490 2303 1539 ob

1324 1565 1470 1614 sacras
1496 1566 1749 1614 memorias
1763 1600 1778 1621 ‚
1806 1581 1923 1630 quas
1940 1565 1987 1610 in
2002 1564 2160 1611 lucem
2177 1560 2305 1610 inde-

1323 1634 1442 1686 feffis
1463 1633 1705 1684 laboribus
1722 1637 1992 1692 revocavit,
2008 1652 2059 1680 ac
2080 1649 2307 1681 revocare

1326 1707 1525 1755 minim&
1564 1700 1703 1754 cessat
1733 1740 1749 1761 ,
1788 1702 1896 1751 satis
1928 1712 2103 1766 notus)
2144 1705 2189 1749 in
2222 1701 2305 1750 suo

1326 1778 1472 1826 tra&
1481 1791 1532 1824 tu
1548 1776 1618 1825 De
1636 1774 1820 1831 Titum,
1836 1792 1883 1822 ac
1894 1774 2126 1823 Diaconiis
2139 1774 2176 1824 E
2182 1773 2216 1823 Ε
2223 1809 2231 1817 -
2250 1775 2306 1821 Θ·

1325 1850 1432 1900 RR.
1453 1846 1563 1897 DD.
1595 1845 1761 1896 SanHae
1775 1846 1977 1895 Romanae
1991 1844 2180 1911 Ecclefiae
2197 1845 2304 1895 Car-

1326 1921 1541 1969 dinalium
1568 1951 1584 1972 ,
1626 1933 1770 1981 quem
1818 1915 2102 1982 propediem
2144 1913 2306 1979 Typis

1328 1988 1554 2038 mandare
1584 1984 1791 2033 intendit
1812 2020 1828 2042 ‚
1863 1982 1962 2034 fus&
1997 2002 2050 2032 ac
2088 1984 2275 2033 erudit&
2287 2015 2304 2038 ‚

1327 2073 1381 2108 ut
1396 2054 1609 2107 vidimus
1625 2091 1641 2113 ,
1680 2068 1790 2123 agat
1807 2091 1819 2101 .

1547 2192 1928 2247 CAPUT
2002 2192 2084 2239 II.

1359 2338 1429 2387 De
1441 2334 1741 2406 singularibus
1762 2333 1963 2400 partibus
1987 2336 2107 2380 intra
2121 2329 2268 2380 Eccle-

1454 2408 1549 2478 fias
1565 2443 1581 2464 ,
1607 2407 1794 2474 adfhcra
1811 2402 2055 2471 peragenda
2058 2402 2163 2469 spe·

1692 2474 1910 2524 &antibus
1927 2508 1938 2519 .

1489 2619 1598 2670 UM
1627 2614 1753 2683 apud
1771 2613 1921 2661 sacros
1938 2615 2156 2661 Canones
2171 2644 2187 2666 ‚
2220 2623 2303 2655 an-

1334 2614 1466 2753 C
1508 2684 1758 2752 tiquosque
1808 2683 2044 2731 Aufiores
2087 2681 2145 2729 de
2183 2695 2300 2755 non-

1327 2762 1469 2809 nullis
1487 2754 1725 2804 sacrarum
1747 2753 1921 2802 aedium
1943 2753 2138 2800 internis
2153 2761 2303 2817 parti-

1327 2830 1412 2879 bus
1442 2826 1555 2895 saepe
1576 2827 1759 2875 mentio
1782 2822 1890 2880 fiat,
1929 2839 2133 2889 quarum
2149 2816 2303 2868 cum-³

1325 2898 1432 2949 usus
1447 2904 1543 2964 jam
1558 2895 1854 2951 obsolverit,
1883 2892 1944 2942 ob
1971 2889 2204 2960 quosdam
2225 2888 2305 2967 vel

1328 2973 1374 3019 in
1393 2969 1563 3018 melius
1593 2979 1803 3014 mutatos
1831 2965 1977 3021 ritus,
2008 2959 2304 3011 velomnino

1323 3039 1528 3089 sublatos
1542 3075 1556 3096 ,
1575 3040 1640 3087 ita
1656 3034 1879 3083 suadente
1897 3047 2173 3100 temporum
2191 3045 2303 3078 con-

1323 3105 1688 3167 ditione‚minus
1702 3118 1950 3174 propterea
1965 3100 2158 3169 singulis
2170 3115 2305 3165 aper-

1323 3197 1397 3230 tus
1413 3178 1493 3240 est,
1506 3181 1555 3231 &
1576 3181 1764 3247 ignotus
1780 3172 2170 3242 quamplurimis:
2191 3170 2302 3216 hinc

1323 3249 1467 3301 nostri
1505 3250 1715 3298 muneris
1756 3242 1844 3296 effe
1875 3244 2098 3293 duximus
2126 3277 2141 3298 ,
2179 3237 2299 3286 nihil

1325 3319 1597 3386 hujusmodi
1615 3317 1869 3368 obscurum
1898 3315 2193 3391 relinquere,
2219 3303 2302 3385 sed

2146 3393 2300 3429 iconi-
