2482 3742
658 301 1042 355 CAPU

106 386 248 443 prout
274 371 525 438 plumbeus
562 371 859 439 aqua-duetus
901 371 1081 422 ibidem

101 456 313 512 repertus
335 439 587 490 testabatur
603 479 614 489 .
641 444 751 496 Una
767 460 827 491 ex
844 440 948 510 ipsis
966 460 1078 490 con-

100 509 497 562 camerationibus
544 531 639 561 non
686 510 838 562 solum
878 510 1076 580 fimplici

100 581 231 632 tertii
247 581 422 648 repleta
438 616 454 638 ,
481 582 652 632 verum
668 583 813 630 etiam
828 584 1074 635 Urnarum

101 651 376 720 fragmentis
405 687 420 707 ,
469 670 520 700 ac
557 653 795 701 nonnullis
832 651 1074 702 cadaveri-

104 721 190 771 bus
207 719 404 768 brachiis
419 721 617 772 extensis
639 740 767 770 more
786 722 1078 780 Gentilium,

100 794 154 843 δε
185 807 279 839 non
307 791 354 837 in
370 791 570 841 modum
591 793 756 842 Crucis
780 809 912 841 more
934 792 1076 842 Chri-

99 860 360 909 stianorum
381 896 396 919 ‚
429 862 700 929 magnisque
732 862 905 929 regulis
927 861 1077 912 inclu-

100 930 150 978 sa
189 943 313 980 erat.
344 935 472 980 Ante
499 933 958 982 concamerationem
993 930 1076 979 sub

103 1001 218 1057 dio,
249 1019 300 1049 ac
317 1003 462 1069 prope
492 998 674 1050 sontem
704 1003 792 1049 tria
818 1000 1075 1052 statuarum

101 1069 366 1137 fragmenta
396 1070 654 1122 adinventa
674 1069 834 1128 suere,
869 1088 1074 1138 quorum

102 1157 252 1188 unum
275 1140 538 1191 Mulierem
561 1142 872 1190 Bacchantem
903 1159 1071 1210 reprae-

101 1208 341 1259 sentabat.
379 1210 482 1260 Post
515 1213 609 1260 haec
640 1212 926 1270 adinventa,
965 1230 1076 1279 prae-

102 1281 304 1329 citatum
347 1279 640 1330 confideravi
687 1283 990 1347 Epigramma
1031 1297 1074 1338 3.

103 1348 185 1398 lib.
205 1368 222 1398 1
237 1366 282 1396 2.
299 1351 552 1406 Martialis,
569 1347 651 1397 ubi
668 1349 726 1396 ad
746 1349 881 1398 suum
897 1351 1076 1398 librum

104 1421 299 1485 loquens
326 1418 422 1469 ait:

174 1490 298 1558 Jure
315 1507 385 1540 tuo
403 1492 655 1541 veneranda
677 1495 788 1546 novi
808 1504 905 1556 pete
922 1493 1079 1541 limina

316 1558 515 1626 Templi,

243 1630 438 1681 Reddita
465 1632 611 1684 Pierio
634 1634 742 1701 fitnt
776 1632 850 1682 ubi
881 1635 1082 1698 templa-‚2

317 1702 451 1752 Choro
468 1739 478 1750 .

183 1773 287 1828 Vel,
308 1771 362 1839 st
372 1776 574 1826 malueris
590 1812 604 1833 ‚
622 1778 768 1841 prima
778 1773 976 1843 gradiere
993 1775 1026 1823 S
1028 1795 1081 1823 u·-

318 1841 422 1893 bura
435 1865 450 1905 3

247 1913 383 1963 Atria
394 1917 503 1983 fimt
530 1920 627 1967 illic
639 1917 833 1983 Confidis
861 1918 949 1965 alta
971 1918 1053 1963 mei
1066 1950 1081 1962 .

174 1982 431 2053 Laurigeros
466 1988 634 2038 habitat
654 1987 871 2058 facundus
901 1986 1085 2037 Stella-4

324 2056 536 2114 Penates,

249 2125 404 2177 Clarus
463 2129 695 2195 Hyantheae
751 2127 890 2177 Stella
927 2125 1086 2195 sititor

318 2212 426 2262 aque
443 2232 454 2242 .

175 2261 286 2315 Fons
310 2266 376 2316 ibi
400 2269 438 2318 C
441 2267 624 2318 affalius
639 2274 787 2319 vitreo
812 2281 1001 2314 torrente
1005 2267 1084 2333 fil-

310 2337 456 2404 perbit
470 2373 485 2395 ‚

249 2409 382 2462 Unde
401 2427 556 2458 novem
577 2410 791 2460 Dominas
806 2410 918 2476 saepe
933 2404 1084 2474 bibffe

310 2476 467 2545 strunt
485 2515 495 2526 .
765 2483 767 2485 ’

181 2549 254 2594 Ac
282 2549 411 2598 aliud
429 2551 731 2618 Epigramma
752 2586 768 2607 ,
805 2545 982 2594 scilicet
1006 2563 1083 2604 19·

107 2615 191 2665 lib.
217 2637 290 2666 10.
312 2619 359 2666 in
379 2637 472 2685 quo
491 2620 669 2669 librum
685 2618 823 2668 suum
843 2617 996 2663 mittit
1024 2614 1083 2664 ad

107 2687 314 2735 Plinium
330 2724 346 2745 ,
370 2687 524 2755 sicque
543 2693 632 2738 ait:

160 2796 161 2799 η
177 2757 326 2828 Neque
343 2760 646 2828 doHumfhtis‚
662 2763 716 2810 ἐν
719 2773 870 2824 parum
876 2759 1084 2824 severum

181 2827 270 2886 Sed
286 2846 368 2877 non
384 2832 640 2879 rusticulum
660 2834 791 2877 nimis
810 2827 1005 2876 libellum
1022 2860 1038 2882 ‚

181 2896 374 2947 Facundo
394 2919 481 2949 mea
499 2902 647 2951 Plinio
667 2898 830 2949 Thalia

178 2965 210 3018 ,ἶ
219 2964 386 3032 perstr:
410 2969 561 3020 brevis
580 2974 646 3022 eft*
662 2968 806 3029 labor-3
827 2965 1006 3030 peraHae

182 3034 284 3086 Illic
300 3037 467 3103 Orphea
485 3048 682 3106 protinus
707 3037 888 3089 ‘videbis

184 3107 338 3155 Altum
354 3113 534 3158 vincere
551 3115 766 3160 tramitem
786 3108 818 3157 S
819 3107 955 3155 uburae
970 3139 985 3160 ‚

185 3175 284 3227 Udi
298 3183 471 3227 vertice
499 3179 704 3231 lubricum
721 3181 912 3230 Theatri
930 3210 944 3230 ‚

182 3244 484 3318 Mirantesqae
505 3247 656 3317 firas:
687 3267 894 3315 avemque
923 3245 1058 3311 Regis
1071 3248 1089 3299 ,'

176 3316 375 3439 Ἰέαρῑίηη
388 3340 471 3388 quae
484 3321 848 3391 Phiygapertulit
862 3315 1058 3368 Tonanti
1073 3347 1085 3359 ·

222 3404 282 3436 ar.
315 3422 326 3433 .

1199 369 1301 419 Illic
1319 384 1464 435 parva
1484 373 1551 419 tui
1565 368 1709 417 domus
1728 368 1915 418 Pedonis

1199 442 1357 492 Celata
1378 442 1445 490 εὲἷ
1460 440 1629 508 Aquilae
1646 443 1804 486 minore
1814 451 1958 501 penna
1971 472 1982 481 .

1129 512 1199 559 Ex
1215 509 1383 576 quibus
1405 511 1605 571 conjicio
1621 543 1637 564 ,
1668 507 1766 554 istic
1794 501 1923 554 fuisse
1945 506 2095 555 Subu-

1129 577 1291 629 ranam
1304 581 1455 636 viam,
1471 580 1519 629 &
1537 578 1689 626 Stellae
1709 577 1860 626 Poeta>
1878 576 2095 635 domum,

1128 650 1177 697 in
1198 667 1288 714 qua
1306 650 1424 696 atria
1440 684 1455 705 ,
1479 650 1528 697 ἃ
1547 641 1729 695 fortasse
1748 645 1929 713 Orphei
1949 644 2097 694 statua

1128 731 1262 768 erant
1288 753 1304 775 ‚
1342 714 1764 785 postei·ioribulque
1802 714 1975 762 saeculis
2010 733 2093 762 au-

1127 788 1261 839 stum
1285 789 1372 836 hoc
1396 785 1648 837 aedificium
1682 786 1863 852 Orphei
1897 783 2096 833 domum

1129 858 1415 928 appellatam
1432 854 1588 916 fuiffe3
1610 856 1668 904 de
1689 872 1778 920 qua
1799 856 1980 902 mentio
2002 852 2053 901 fit
2070 858 2096 903 εὶ

1130 927 1389 978 Βειιεάἰᾶο
1408 928 1654 975 Canonico
1685 925 1729 970 in
1753 922 1832 972 suo
1865 927 2098 972 Caeremo—

1128 999 1314 1048 niarum
1350 994 1470 1045 libro
1504 994 1826 1062 manuscripto
1854 1028 1870 1049 ,
1907 993 2023 1041 dum
2062 996 2099 1041 is

1126 1064 1467 1116 Proceffionem
1500 1079 1655 1114 narrat
1674 1099 1690 1119 ,
1719 1082 1818 1129 quae
1852 1060 1988 1111 fiebat
2012 1066 2097 1110 in..

1126 1138 1203 1189 die
1223 1135 1563 1185 Purificationis
1593 1138 1617 1184 ὲ
1638 1136 1871 1182 Laterano
1904 1132 1961 1181 ad
1982 1136 2094 1179 San-

1127 1208 1251 1257 &am
1269 1208 1477 1255 Mariam
1497 1209 1735 1269 Majorem
1756 1239 1770 1260 ,
1802 1205 1847 1249 in
1878 1220 1966 1266 qua
1993 1203 2101 1251 ade·

1129 1290 1200 1325 rat
1229 1275 1391 1334 statio,
1421 1273 1480 1323 fic
1500 1277 1733 1343 inquiens:
1773 1269 1983 1338 Pontifex
2010 1291 2102 1320 cum

1129 1350 1232 1395 aliis
1254 1347 1366 1394 dicit
1380 1347 1569 1413 Pfhlmos
1583 1381 1596 1401 ‚
1633 1345 1922 1408 &procedens
1945 1342 2100 1408 discal-

1129 1433 1266 1464 ceatus
1283 1432 1381 1463 ante
1403 1433 1544 1464 arcum
1558 1416 1725 1464 Ner-vx:
1737 1448 1753 1468 ,
1776 1416 1914 1460 intrat
1927 1426 2005 1473 per
2024 1412 2101 1460 Fo-

1129 1505 1224 1537 rum
1235 1483 1425 1550 Trqjant'
1436 1520 1451 1541 ‚
1481 1487 1536 1534 (J
1558 1489 1707 1534 exiens
1729 1498 1869 1529 arcum
1889 1481 2038 1531 Aureae
2053 1485 2102 1529 in

1123 1560 1291 1623 porticu
1322 1555 1511 1625 abstdata
1541 1554 1730 1624 ascendit
1754 1586 1770 1608 ‚
1799 1566 1878 1616 per
1905 1551 2103 1600 domum...

1118 1633 1260 1694 juxta
1292 1625 1513 1693 Eudostam
1532 1660 1548 1683 ‚
1583 1627 1638 1675 &-
1664 1620 1873 1689 transtens
1892 1633 1969 1684 per
1985 1621 2017 1669 S
2021 1623 2100 1669 ili—

1132 1716 1217 1747 cem
1222 1701 1363 1762 juxta
1380 1699 1545 1745 domum.
1561 1695 1724 1760 Orphei
1751 1693 1944 1758 ascendit
1951 1705 2030 1755 per
2047 1696 2103 1740 ti-

1132 1770 1268 1817 culum
1288 1766 1457 1818 SanHae
1474 1764 1694 1820 Praxedis
1708 1764 1831 1827 usque
1852 1763 1911 1811 ad
1925 1759 1972 1807 S.
1990 1759 2104 1811 Ma-

1133 1843 1246 1888 riam
1265 1840 1357 1888 &c-

1206 1907 1344 1956 Idem
1380 1906 1661 1957 Benedifius
1688 1906 1954 1954 Canonicus
1989 1902 2103 1950 alte-

1133 1994 1234 2024 ram
1251 1976 1516 2027 describens
1532 1972 1872 2025 Proceffionem
1886 2010 1901 2031 ,
1917 1992 2013 2040 quae
2033 1969 2107 2020 fie-

1134 2046 1212 2094 bat
1241 2048 1286 2094 in
1306 2047 1383 2097 die
1405 2045 1752 2114 Assumptionis
1772 2046 1922 2092 Beatae
1944 2042 2108 2091 Mariae

1134 2119 1365 2184 Virginis,
1378 2115 1437 2166 fic
1456 2113 1767 2185 prosequitur:
1784 2114 1954 2162 Deinde
1973 2112 2110 2178 trans:

1133 2205 1234 2237 eunt
1251 2193 1393 2252 juxta
1419 2189 1585 2237 domum
1612 2185 1774 2248 Orphei
1788 2196 1961 2248 propter
1984 2181 2110 2249 Bast-

1135 2259 1282 2326 lifiwn
1297 2292 1312 2314 ,
1338 2262 1410 2326 qui
1428 2275 1526 2306 tunc
1542 2260 1740 2320 temporis
1757 2253 1965 2302 latitabat
1984 2252 2050 2300 ibi
2063 2256 2112 2300 in

1134 2345 1323 2377 caverna
1339 2333 1429 2378 &a
1452 2346 1551 2394 quae
1573 2325 1668 2374 duo
1696 2324 1940 2372 Benediffi
1960 2325 2112 2371 Cano—

1135 2399 1228 2445 nici
1249 2398 1349 2446 loca
1367 2434 1382 2457 ,
1409 2400 1499 2447 una
1529 2413 1642 2446 cum
1672 2395 1940 2442 Bacchantis
1965 2390 2114 2439 statua

1137 2467 1320 2517 ibidem
1341 2482 1550 2536 reperta,
1573 2465 1818 2533 proprium
1838 2462 2017 2530 Orphei
2042 2462 2111 2509 lo-

1136 2555 1247 2586 cum
1266 2541 1291 2587 ἒι
1311 2539 1535 2587 Martiale
1555 2533 1847 2601 descriptum
1864 2569 1879 2590 ,
1903 2530 2032 2582 nobis
2052 2533 2116 2577 in-

1136 2607 1327 2657 dicant:
1354 2611 1511 2665 Nam,
1546 2604 1578 2654 fi
1599 2603 1944 2654 confideremus
1977 2599 2116 2668 ipsius

1137 2678 1413 2727 Bacchantis
1432 2676 1628 2726 statuam
1644 2712 1659 2733 ‚
1675 2692 1817 2724 unam
1836 2691 1892 2722 ex
1908 2673 1999 2720 illis
2016 2689 2117 2718 mu-

1136 2745 1330 2797 lieribus
1345 2784 1361 2805 ‚
1390 2765 1490 2815 quae
1508 2747 1757 2813 Orpheum
1784 2741 2117 2795 decoriarunt,

1138 2817 1467 2886 repraesentare
1494 2816 1733 2865 dicemus:
1759 2814 1838 2870 &,
1866 2810 1899 2860 fi
1920 2808 2117 2860 ulterius

1139 2902 1264 2937 terra
1292 2885 1617 2943 effoderetur,
1653 2879 1838 2933 fortasse
1872 2883 1972 2930 aliae
2004 2883 2115 2927 Bac-

1139 2958 1383 3006 chantium
1413 2955 1602 3012 statuae,
1641 2965 1782 3022 prout
1805 2953 1948 3002 etiam
1977 2947 2118 3015 ipsius

1139 3028 1321 3094 Orphei
1344 3062 1360 3084 ,
1398 3027 1750 3075 invenirentur:
1775 3024 1936 3087 Qiare
1959 3016 2117 3066 existi-

1139 3096 1368 3146 mandum
1391 3093 1484 3153 est,
1514 3097 1676 3145 locum
1695 3093 1833 3142 istum
1860 3087 1917 3136 ab
1937 3086 2117 3136 eisdem

1139 3165 1297 3216 statuis
1318 3166 1500 3234 Orphei
1524 3182 1698 3215 nomen
1722 3155 2019 3225 desumpsisse
2036 3193 2046 3203 .

1210 3237 1301 3286 Sed
1322 3236 1396 3284 hic
1420 3237 1560 3284 liceat
1592 3231 1648 3280 ab
1668 3229 1883 3279 instituto
1903 3227 2118 3277 sermone

1138 3305 1472 3375 aliquantisper
1489 3302 1771 3416 deflefkelre:
1797 3299 2019 3347 Diximus
2042 3295 2117 3344 su-

2008 3383 2116 3431 pra,

2002 303 2102 363 265]
