2425 3747
309 307 329 339 1
341 292 406 351 84

304 359 440 406 nibus
460 352 751 421 vocibusque
770 354 914 402 verba
928 352 1142 403 faciendo
1155 391 1171 412 ,
1187 357 1275 406 Le-

302 428 487 478 &orem
508 443 606 482 res,
625 442 677 471 ac
708 424 976 472 doctrinam
1013 422 1272 476 sectantem

305 499 726 568 expestantemque
740 529 757 551 ,
785 491 963 543 diutius
989 494 1147 544 verbis
1171 498 1273 545 ina-

305 570 441 617 nibus
459 579 710 617 oneremus
726 597 738 608 .

507 707 879 762 CAPUT
952 709 1083 757 XX.

303 858 373 907 De
396 852 518 903 Ercle
536 871 577 902 za
605 849 770 902 SanHae
797 850 978 920 Agathae
1002 850 1197 918 Majoris
1227 858 1276 902 in

372 929 564 974 civitate
580 925 833 974 Ravennaez
867 939 913 969 ac
930 921 981 968 de
998 936 1113 987 opere
1130 922 1196 973 M
1198 922 1276 990 ust-

371 1016 463 1054 το,
499 999 548 1044 in
576 1011 622 1043 ea
649 994 889 1043 conssrfflo
916 990 966 1038 ab
984 992 1276 1060 Exuperantio

371 1067 555 1136 ejusdem
568 1069 777 1115 civitatis
797 1065 1012 1134 Episc0p0‚
1025 1082 1134 1114 anno
1147 1066 1276 1117 Chri-

373 1137 439 1185 §li
459 1140 631 1186 circiter
651 1135 818 1188 CCCC.

447 1281 654 1333 AVENNA
675 1274 782 1325 urbs
800 1289 904 1325 toto
927 1288 1161 1325 terrarum
1183 1281 1275 1327 Or-

470 1347 528 1396 be
548 1345 810 1416 praecipuz'i,
835 1348 884 1396 &
902 1346 1106 1413 quadam
1126 1346 1276 1415 fingu-

303 1419 388 1468 lari
419 1418 714 1484 antiquitatis
749 1413 860 1465 notz'i
896 1415 1275 1475 celeberrima-q

302 1492 528 1537 Romanae
550 1488 666 1536 olim
687 1486 815 1537 urbis
838 1487 885 1533 in
908 1486 1149 1555 pluribus,
1169 1506 1276 1556 prae-

300 1557 464 1608 sertim
493 1560 540 1605 in
572 1561 862 1627 templorum
892 1556 1274 1626 magnificentia,

302 1649 354 1677 ac
381 1628 630 1696 splendore
661 1629 829 1677 aemula
859 1623 952 1676 fuit
978 1664 988 1675 .
1028 1626 1156 1677 Cum
1188 1646 1270 1676 au-

301 1706 399 1747 tem
429 1711 535 1744 tum
563 1702 761 1754 Romae,
791 1704 895 1743 turn
921 1701 1161 1745 Ravennae
1193 1696 1275 1745 ad-

299 1770 393 1817 huc
423 1769 471 1814 in
506 1765 699 1835 praesens
731 1767 888 1833 aliqua
916 1767 1127 1834 Templa
1153 1764 1242 1815 sint
1262 1800 1278 1823 ,

300 1857 404 1907 quae
441 1839 521 1885 vel
558 1835 805 1907 peregrina
841 1838 982 1886 molis
1013 1835 1276 1894 structura,

302 1911 384 1959 vel
400 1905 583 1958 Mufivi
608 1908 759 1976 operis
780 1906 1014 1976 elegantia
1043 1910 1277 1957 eximium

299 1978 373 2028 sui
397 1978 749 2046 spectaculum,
779 1993 1150 2045 caeterorumque
1181 1984 1276 2040 jam

300 2046 594 2116 dilapsorum
617 2046 794 2097 illustre
822 2047 1148 2098 testimonium
1177 2047 1278 2096 red-

302 2120 421 2169 dant
435 2154 450 2176 ,
479 2119 621 2167 libuit
637 2117 771 2166 nobis
790 2139 841 2168 ea
861 2121 1009 2168 literis
1028 2117 1278 2167 demanda-

301 2208 387 2246 re,
424 2202 710 2255 aetatumque
750 2191 969 2237 omnium
998 2189 1146 2237 oculis
1177 2201 1275 2235 tam

303 2256 696 2327 descriptionibus
721 2295 737 2317 ,
773 2262 823 2311 &
853 2257 1276 2328 explicationibus,

300 2331 446 2395 quam
465 2331 607 2377 variis
624 2329 870 2379 Iconismis
887 2326 1096 2398 expressa
1116 2347 1260 2397 reprae

301 2398 482 2448 sentare
497 2436 507 2446 .
541 2402 651 2467 Qa
673 2401 720 2446 in
738 2420 787 2450 re
807 2403 1020 2449 maximo
1040 2399 1175 2449 nobis
1195 2398 1275 2447 ad-

301 2475 517 2533 ijento
537 2468 632 2517 fuit
649 2472 767 2519 mira
787 2470 1008 2521 sedulitas
1026 2474 1085 2518 R.
1106 2472 1154 2517 P.
1173 2474 1274 2520 Cae-

303 2538 413 2587 saris
433 2541 596 2588 Pronti
611 2576 626 2598 ,
656 2542 834 2591 ordinis
854 2545 896 2590 S.
919 2539 1202 2609 Augustini,
1229 2541 1275 2586 in

304 2610 498 2677 picturis
522 2609 852 2671 versatissimi,
879 2614 959 2679 qui
991 2628 1085 2660 non
1120 2608 1275 2659 solum

303 2679 364 2727 de
395 2679 577 2729 Pictore
610 2682 822 2748 providit
846 2719 862 2741 ,
899 2681 979 2731 sed
1010 2679 1165 2750 ipsum
1191 2681 1275 2729 do-

303 2750 404 2796 cuit
427 2748 517 2816 quei
537 2749 832 2818 potissimum
854 2766 952 2801 arte
969 2749 1152 2801 fidelius
1168 2755 1277 2800 Mu—

302 2817 402 2868 fiva
433 2818 809 2871 delinearentur.
850 2823 1020 2889 Neque
1045 2824 1276 2891 exiguum

303 2887 369 2937 est
383 2888 511 2955 quod
537 2908 619 2938 nos
639 2892 864 2942 debemus
885 2896 944 2941 R.
961 2895 1009 2941 P.
1031 2891 1275 2942 Francisco

303 2959 476 3007 Prandi
492 2995 508 3017 ,
546 2960 735 3009 Clerico
759 2965 987 3032 Regulari
1006 2962 1243 3012 Theatino
1259 2999 1276 3021 ,

301 3030 455 3096 quiea
474 3030 577 3077 loca
598 3032 879 3097 perlustrans
898 3069 914 3090 ,
950 3032 1032 3081 ubi
1048 3031 1277 3082 celebrio-

302 3116 352 3146 ra
372 3097 567 3148 Musiva
588 3103 819 3159 emicant,
844 3102 1104 3151 eorundem
1128 3105 1273 3151 etiam

303 3169 483 3217 colores
501 3172 692 3219 notavit
705 3208 717 3218 .

391 3242 524 3288 Inter
559 3238 786 3290 Ecclesias
821 3239 1129 3291 Musivorum
1160 3257 1271 3306 ope-

301 3325 410 3358 rum
440 3309 777 3361 blandimentis
801 3313 1130 3370 concinnatas,
1171 3327 1271 3376 quae

711 283 1136 337 VETERA
1207 285 1900 346 MONIMENTA

1328 360 1458 427 prior
1494 360 1733 411 vetustatis
1764 363 1928 414 ordine
1949 363 2135 417 servato
2166 372 2300 422 nobis

1327 442 1572 487 occurrat,
1597 449 1649 479 ea
1677 431 1742 481 est
1770 452 1869 500 quae
1897 437 1945 482 in
1964 439 2179 488 Civitate
2203 445 2299 490 Ra-

1326 517 1493 548 vennae
1524 501 1688 552 Sanc‘Zae
1702 504 1884 573 Agathae
1908 504 2109 573 Majoris
2142 514 2302 578 appel·-

1331 570 1638 638 pellationem
1664 571 1828 623 sortita
1852 573 1948 623 fuit
1976 613 1985 623 .
2025 580 2185 642 HUJus
2210 583 2298 629 Ec-

1336 639 1802 693 clefiae'construRio
1825 681 1842 703 ‚
1877 644 1955 695 seu
1985 644 2203 698 fundatio
2225 687 2241 708 ‚
2278 653 2304 700 a

1333 713 1646 779 Hieronymo
1663 712 1800 762 Fabri
1817 716 1864 762 in
1885 715 1974 766 suis
1988 717 2221 768 Memoriis
2230 723 2302 789 sa-

1330 787 1415 831 cris
1433 787 1614 846 antiquae
1627 784 1855 834 Ravennae
1867 821 1883 842 ,
1896 791 2153 838 vernaculo
2175 789 2301 839 idio-

1329 865 1455 901 mate
1486 849 1585 901 fuse
1612 852 1924 913 describitur,
1960 858 2010 906 ὃς
2029 857 2102 907 hic
2131 878 2189 909 ex
2214 878 2296 910 eo-

1331 923 1441 972 dem
1459 938 1681 992 excerpta
1706 923 1859 976 stricte
1882 923 2156 989 subjicitur.

1413 997 1656 1061 Reparatae
1693 992 1854 1043 salutis
1885 1014 2007 1045 anno
2044 1003 2157 1058 378.
2184 1002 2297 1048 San-

1326 1068 1426 1116 cstus
1445 1061 1622 1122 Ursus,
1650 1082 1708 1114 ex
1734 1065 2048 1116 nobilioribus
2069 1069 2215 1117 totius
2234 1073 2300 1119 Si-

1331 1136 1450 1185 ciliae
1468 1136 1677 1183 Familiis
1691 1150 1826 1185 natus
1840 1173 1856 1195 ‚
1880 1136 1939 1185 ad
1959 1138 2190 1187 cathedrae
2206 1143 2301 1188 Ra-

1327 1208 1542 1257 vennatis
1559 1206 1773 1273 regendae
1791 1224 1963 1256 munus
1981 1209 2176 1259 evectus
2189 1206 2301 1259 fuit.

1328 1282 1460 1328 Inter
1487 1277 1671 1344 potiora
1689 1278 1877 1344 pietatis
1904 1283 2000 1341 ejus
2028 1282 2300 1329 monimen-

1327 1363 1374 1396 ta
1391 1344 1910 1396 commendatiffimum
1929 1349 2050 1397 illud
2067 1349 2149 1407 est,
2170 1368 2302 1399 nem-

1328 1437 1385 1488 pe
1414 1418 1630 1466 omnium
1651 1415 1888 1465 bonorum
1905 1455 1921 1476 ,
1959 1437 2059 1485 quae
2086 1426 2191 1481 Jure
2211 1421 2302 1469 hae·

1327 1488 1554 1538 reditario
1577 1489 1624 1534 in
1644 1489 1811 1536 Siciliae
1837 1506 1980 1556 regno
2008 1487 2269 1556 possidebat
2284 1526 2301 1547 ,

1328 1555 1541 1607 Ecclesiae
1559 1559 1829 1606 Ravennati
1845 1557 1966 1607 facta
1986 1559 2304 1612 donatio.Un-

1328 1630 1386 1677 de
1417 1629 1510 1675 haec
1534 1626 1740 1675 Ecclesia
1768 1624 1951 1695 semper
1978 1627 2029 1676 id
2048 1632 2193 1677 moris
2223 1630 2306 1676 ha-

1331 1699 1467 1753 buit,
1507 1698 1556 1743 in
1588 1696 1756 1745 eodem
1785 1698 1953 1747 Siciliae
1985 1714 2131 1765 regno
2159 1700 2300 1746 mini-

1329 1766 1476 1815 strum
1505 1766 1821 1824 constituere,
1857 1770 1937 1834 qui
1971 1769 2185 1826 Vicarii‚
2222 1767 2306 1817 seu

1330 1834 1537 1886 Praefeffi
1566 1837 1710 1884 titulo
1745 1844 1800 1885 ‘ea
1836 1835 1956 1886 bona
1986 1837 2306 1906 gubernaret,

1331 1927 1430 1976 quae
1451 1908 1799 1955 Patrimonium
1816 1907 2029 1958 Ecclefiae
2048 1911 2302 1958 Ravenna·

1330 1981 1387 2026 tis
1415 1976 1798 2045 appellabantur.

1407 2049 1592 2096 Primus
1622 2060 1783 2098 autern
1809 2081 1826 2104 ,
1861 2050 1943 2114 qui
1979 2046 2088 2095 huic
2117 2049 2300 2116 templo

1328 2119 1585 2168 excitando
1623 2119 1839 2166 animum
1879 2118 2112 2186 applicuit
2142 2153 2158 2176 ,
2195 2120 2303 2184 qui-

1328 2189 1438 2237 dam
1453 2187 1586 2237 fuisse
1608 2188 1819 2236 creditur
1844 2190 2035 2236 nomine
2052 2189 2302 2237 Gemellus

1328 2272 1541 2327 tempore
1560 2262 1603 2306 S.
1622 2260 1931 2326 Exuperantii
1945 2293 1962 2315 ,
1995 2255 2174 2325 praefati
2194 2261 2303 2305 San-

1328 2330 1391 2379 &i
1413 2326 1524 2383 Urfi
1541 2327 1830 2387 successoris,
1855 2329 2086 2375 nimirum
2109 2330 2155 2375 in
2176 2329 2306 2395 prin-

1328 2402 1452 2468 cipio
1480 2397 1631 2448 saeculi
1665 2404 1726 2448 V.
1759 2398 1882 2446 unde
1913 2410 2045 2465 patet
2067 2415 2299 2446 veneran-

1328 2470 1386 2518 da
1415 2476 1511 2534 ejus
1533 2471 1783 2535 antiquitas
1803 2504 1819 2526 ‚
1848 2467 1976 2535 quod
1995 2470 2021 2516 ἐι
2039 2467 2298 2517 duodecim

1330 2543 1520 2590 circiter
1551 2539 1726 2588 saeculis
1757 2538 1910 2586 adhuc
1942 2550 2073 2586 extat
2099 2573 2110 2585 .
2151 2538 2300 2587 Initio

1326 2609 1418 2660 fuit
1442 2613 1535 2659 haec
1557 2608 1760 2658 Ecclesia
1785 2607 2029 2677 splendide
2047 2605 2271 2655 aedificata
2285 2642 2303 2664 ‚

1328 2684 1377 2733 &
1398 2684 1444 2729 in
1466 2682 1698 2729 honorem
1719 2680 1993 2728 Sanctarum
2007 2678 2268 2744 Virginum
2286 2712 2303 2734 ,

1327 2754 1377 2803 &
1395 2755 1675 2818 Martyrum
1691 2753 1733 2798 A
1740 2751 1891 2818 gathae
1903 2784 1919 2805 ,
1937 2749 1987 2797 ἃ
2005 2748 2161 2794 Luciae
2181 2765 2300 2794 nun-

1329 2835 1497 2890 cupata
1530 2841 1540 2869 :
1589 2822 1818 2888 temporis
1856 2832 2016 2866 tamen
2061 2812 2302 2885 progreffu

1329 2890 1514 2941 tantum
1542 2891 1592 2940 S.
1615 2891 1797 2960 Agathae
1815 2888 2299 2938 denominationem-2

1328 2963 1550 3018 retinuit,
1571 2960 1791 3024 adjunc'to
1810 2959 1951 3007 titulo
1965 2955 2031 3007 M
2035 2961 2167 3024 ajoris
2178 2992 2194 3014 ,
2209 2954 2303 3005 for-

1328 3035 1373 3081 τὲ
1395 3032 1454 3080 ad
1472 3032 1663 3079 alterius
1681 3027 1893 3078 Ecclefiae
1913 3029 2162 3077 discrimen
2177 3063 2193 3085 ,
2211 3044 2301 3094 que

1325 3103 1453 3150 mole
1477 3102 1666 3158 minor,
1694 3098 1778 3148 sub
1807 3097 2017 3164 ejusdem
2041 3097 2206 3146 sanc‘lzae
2227 3099 2297 3146 in*

1325 3172 1576 3220 vocatione
1598 3174 1838 3220 Ravennae
1859 3183 1972 3217 tunc
1989 3167 2151 3217 aderat
2164 3203 2175 3213 .
2194 3169 2299 3215 No-

1325 3243 1534 3287 minatur
1550 3243 1696 3290 etiam
1714 3238 1915 3290 Ecclefia
1933 3239 2015 3287 ista
2037 3240 2084 3286 in
2104 3235 2300 3286 vetustis

1324 3307 1607 3380 quibusdam
1627 3310 1887 3363 Codicibus
1895 3345 1913 3372 ,
1939 3308 2301 3428 Monaffeig'cutszss

2256 3393 2299 3423 lc
