2425 3747
330 234 354 265 2
370 231 431 275 30

329 283 918 355 Apostolorumimagines
944 285 1094 332 adhuc
1122 282 1300 352 conspi-

328 358 440 417 cui,
477 374 682 423 quorum
712 374 816 404 area
846 353 951 405 satis
986 355 1212 421 impletur
1239 353 1296 402 ab

326 427 431 476 aliis
447 423 657 474 versibus
673 461 688 483 ‚
725 442 839 490 quos
868 425 984 491 legis
1006 424 1052 470 in
1074 428 1217 472 leone
1236 459 1247 470 .

418 492 522 546 Nifi
552 508 709 544 tamen
739 495 851 559 (qui
876 490 1138 560 suspicandi
1166 494 1296 542 locus

325 566 463 619 unice
481 561 718 630 superest)
746 564 793 608 in
820 561 1006 610 summo
1025 564 1213 630 parietis
1233 561 1297 610 fa-

325 634 461 701 stigio
499 628 675 679 fuerint
713 631 935 700 adscripti
964 637 1054 689 (ut
1077 632 1191 700 saepe
1226 633 1294 682 so?

325 705 431 765 let)
470 703 768 768 Angelorum
810 703 1002 751 illorum
1036 702 1252 751 manibus
1282 739 1298 761 ‚

325 774 408 840 qui
441 772 670 838 porrectis
706 770 940 830 brachiis,
973 786 1294 838 curvamque„

324 838 486 910 paulis
512 858 561 888 er
578 858 774 908 corpore
790 841 1035 909 quid-piam
1051 839 1202 891 fimile
1221 843 1296 892 de÷

324 858 510 959 tinuissfe
543 911 802 965 videntur:
839 926 892 959 ut
926 926 978 959 ut
1003 909 1059 959 fit
1088 948 1103 970 ,
1139 913 1188 962 δὲ
1214 913 1294 961 vel

324 984 458 1048 operi
481 982 796 1029 vermiculato
812 978 976 1032 inserti
992 979 1171 1029 fuerint
1184 1018 1200 1039 ,
1215 983 1293 1031 vel

324 1052 552 1103 marmori
580 1049 800 1118 insculpti
821 1087 837 1109 ,
862 1052 1000 1106 hodie
1019 1049 1187 1099 nullibi
1208 1070 1292 1100 nec

324 1119 535 1189 ipsorum
560 1121 756 1187 quidem
786 1121 980 1189 vestigia
1007 1135 1288 1170 cernuntur.

409 1188 600 1239 Diutius
629 1186 813 1245 fortasse
831 1227 846 1249 ,
884 1194 1022 1257 quam
1056 1209 1137 1259 par
1165 1190 1291 1249 fuit,

323 1258 536 1309 haefimus
564 1262 612 1307 in
637 1259 824 1309 historia
846 1262 1016 1309 horum
1040 1260 1293 1319 versuum,

326 1332 604 1399 Figuratum
647 1348 769 1377 nunc
805 1332 1175 1399 explicationem
1213 1350 1291 1398 aga

324 1400 569 1471 gredimur
586 1435 601 1457 ,
632 1396 863 1467 praemissss.
883 1400 1015 1449 brevi
1037 1401 1293 1451 earundem

325 1466 643 1537 descriptione
668 1506 680 1521 «ι

400 1542 601 1593 Summo
628 1541 676 1587 in
700 1556 809 1587 arcu
840 1540 1013 1591 Christi
1036 1543 1297 1590 Servatoris

326 1606 510 1677 effigies
528 1609 708 1658 eminet
722 1645 737 1665 ,
754 1624 896 1676 prout
915 1609 1035 1658 Tab.
1053 1613 1294 1663 LXVIII.

325 1679 508 1727 indicat
525 1714 542 1735 ,
578 1677 782 1728 rotundo
802 1715 818 1736 ,
855 1694 1111 1746 auratoque
1132 1681 1293 1729 diade-

324 1761 455 1796 mate
478 1761 670 1804 ornata,
698 1747 827 1813 quod
855 1751 1036 1797 circum
1054 1763 1196 1818 caput
1227 1753 1297 1797 in·-

325 1816 567 1868 fieffiturz
597 1832 854 1886 erumpunt
880 1820 904 1867 ὲ
934 1819 1105 1888 postica
1133 1820 1295 1869 diade*

324 1889 465 1937 matis
483 1901 612 1955 parte
633 1889 933 1955 quamplures
950 1890 1101 1946 radii,
1128 1889 1295 1956 quibus

322 1955 531 2021 subjacet
545 1959 744 2006 circulus
760 1959 929 2007 coloris
943 1959 1156 2008 albiduli:
1173 1961 1294 2007 hunc

325 2027 444 2078 vero
470 2028 711 2094 excipiunt
740 2040 831 2075 tres
858 2028 993 2077 orbes
1010 2026 1175 2078 senfim
1199 2048 1294 2078 cre«

323 2095 502 2147 scentes
528 2132 543 2154 ‚
580 2093 762 2162 illisqtie
792 2097 1031 2147 coloribus
1068 2117 1289 2148 exornan-

326 2181 406 2216 tur
425 2201 442 2224 ‚
479 2183 591 2232 quos
616 2167 660 2212 in
693 2172 844 2232 ApOC.
882 2186 982 2235 cap.
1005 2189 1051 2232 4.
1079 2172 1294 2238 D.Joan-.

327 2254 407 2286 nes
440 2236 594 2284 vidit.
632 2234 689 2284 Et
715 2241 789 2303 qui
809 2238 987 2304 fidebat
1006 2239 1174 2307 stmilis
1203 2256 1295 2290 erat-

268 2355 273 2360 ,
328 2305 514 2376 aspeHm?
533 2305 695 2370 lapidis
715 2308 930 2376 ‘Jaspidis
944 2344 960 2366 ,
996 2312 1050 2359 (Τ
1065 2309 1296 2371 Sardini53

327 2386 383 2428 (J
400 2376 487 2426 Iris
514 2392 606 2424 erat
634 2379 681 2425 in
700 2381 880 2427 circuitu
894 2378 1017 2448 fidis
1039 2379 1198 2446 fimilis
1212 2385 1295 2431 ‘vi-

312 2447 433 2517 fiont'
447 2446 734 2516 smaragdinae
758 2483 768 2494 .
808 2448 888 2495 Ad
920 2449 1008 2497 hoc
1035 2452 1198 2516 utique
1224 2469 1296 2500 re-

326 2514 519 2585 spexiffe
541 2519 735 2566 videtur
753 2517 947 2566 Pictoris
978 2520 1180 2569 intentio
1197 2557 1213 2579 ,
1247 2522 1299 2571 &

329 2587 390 2635 acl
410 2585 535 2635 istius
551 2587 693 2637 Iridis
724 2605 975 2647 normam,
1010 2587 1138 2637 suam
1168 2609 1297 2640 com·

329 2652 526 2725 posuisse
541 2691 557 2713 ,
590 2673 731 2722 quam
753 2658 968 2705 interiori
986 2676 1041 2707 ex
1063 2673 1193 2726 parte
1211 2679 1295 2710 ve-

327 2738 438 2773 neto
463 2726 672 2791 primum
693 2762 709 2784 ,
744 2726 914 2776 deinde
942 2727 1187 2779 thalaffino
1217 2748 1297 2778 co-

328 2795 432 2844 lore
470 2791 744 2861 infignivit,
775 2799 952 2846 extima
977 2800 1093 2848 vero
1122 2818 1179 2849 ex
1204 2805 1298 2864 jan-

328 2864 472 2912 thinis
506 2866 715 2931 primum
735 2902 751 2922 ,
783 2880 888 2915 tum
913 2868 1136 2919 violaceis
1154 2869 1296 2919 stellis

330 2934 578 3000 compegit
599 2969 610 2980 .
650 2933 825 2983 Christi
856 2935 1004 2988 vestes
1035 2937 1140 2987 sunt
1165 2942 1294 2988 tuni-

328 3022 381 3052 ca
397 3038 413 3060 ,
436 3005 486 3053 &
515 3004 746 3070 pallium,
772 3018 1025 3074 utrumque
1047 3011 1206 3059 colore
1225 3028 1296 3058 ru-¹

328 3072 415 3122 bro
437 3069 683 3121 coruscum
705 3108 716 3119 .
829 3090 830 3093 ¹

397 3146 570 3191 Manus
599 3139 776 3191 finistra
809 3149 951 3201 (nam
979 3144 1174 3194 dextera
1200 3145 1295 3197 fere

327 3224 430 3260 tota
454 3213 632 3262 excidit
646 3218 804 3278 ‚cujus
821 3212 1076 3284 vestigium
1098 3216 1293 3268 videtur

738 216 1164 272 VETERA
1237 213 1921 273 MONIMENTA

1349 285 1556 334 indicare
1574 284 1749 332 librum
1770 284 1984 350 tenuisse)
1998 286 2225 336 bacillum
2243 289 2311 337 su-

1349 354 1486 406 stinet
1515 354 1711 403 humero
1733 354 2006 423 impositum
2022 393 2038 415 ,
2076 376 2126 406 ac
2146 359 2309 411 ultra-⁴

1349 438 1490 493 caput
1516 425 1540 471 ὲ
1569 425 1760 491 regione
1791 428 2002 493 occipitis
2031 445 2276 477 excurrens
2294 470 2309 491 ,

1347 498 1422 544 cui
1450 491 1653 542 arbitror
1690 497 1896 548 Crucem
1927 494 2056 546 fuisse
2089 500 2309 546 innexam

1349 564 1567 634 supremo
1591 565 1637 610 in
1660 560 1875 631 fastigio,
1911 566 2023 621 licet
2055 566 2170 615 inibi
2197 571 2310 615 Mu-

1348 634 1436 684 fivi
1467 635 1620 701 operis
1642 636 1797 701 portio
1818 632 2106 686 defidere'tur
2126 673 2136 683 .
2178 641 2307 687 Con·-

1350 706 1578 769 je&uram
1595 701 1840 751 confirmat
1854 702 2016 755 similis
2029 706 2202 757 Christi
2218 711 2310 756 Do„

1350 776 1467 828 mini
1485 771 1661 841 effigies
1690 773 1872 821 in'arcu
1892 777 1934 821 S.
1954 776 2193 826 Laurentii
2223 779 2309 826 iii-‚-

1351 855 1485 916 Agro
1516 846 1710 893 Verano
1735 879 1751 902 ,
1792 841 1872 890 ubi
1912 840 2102 892 baculus
2138 849 2309 912 paritEr

1347 931 1486 968 cruce
1507 910 1750 981 insignitus
1778 915 2057 980 apponitur.
2085 915 2309 966 Liberum

1347 989 1517 1052 cuique
1535 982 1679 1032 fuerit
1692 982 1901 1046 judicare
1916 1019 1932 1041 ‚
1970 1002 2028 1031 an
2045 985 2104 1033 ad
2124 986 2309 1034 avitum

1351 1072 1534 1107 morem
1563 1050 1642 1100 ista
1674 1050 1761 1099 fint
1789 1051 2024 1102 referenda
2045 1090 2062 1111 ‚
2098 1072 2191 1121 quo
2215 1059 2310 1104 Im-

1345 1121 1637 1197 peratoribus
1655 1159 1671 1180 ,
1699 1122 1998 1191 RegibusqUte
2027 1121 2275 1193 Sceptrum
2296 1162 2312 1184 ,

1345 1201 1394 1250 &
1419 1191 1620 1262 Inlignia
1638 1193 1882 1260 dignitatis
1901 1196 2233 1262 appingimu33
2254 1216 2310 1243 an

1347 1285 1464 1318 vero
1494 1267 1552 1311 ad
1574 1264 1653 1309 illa
1680 1262 1846 1310 Psalmi
1870 1280 1948 1309 22.
1970 1264 2142 1314 verba:
2178 1269 2323 1334 Virga,

1346 1355 1419 1390 tua
1437 1372 1452 1393 ‚
1487 1338 1541 1383 <J
1573 1334 1755 1383 Baculus
1785 1350 1881 1383 tuus
1907 1335 1998 1402 ipsa
2024 1355 2088 1383 me
2107 1339 2316 1403 cotgfhlatae

1334 1412 1443 1479 simt
1463 1441 1472 1450 .
1505 1404 1735 1451 Diadema
1756 1399 2032 1469 symbolum
2055 1408 2202 1473 Regni
2225 1407 2313 1464 est,

1348 1492 1488 1543 atque
1511 1475 1734 1540 Imperii,
1756 1486 1806 1518 ut
1832 1471 1958 1521 Isaiae
1978 1492 2077 1542 cap.
2093 1487 2178 1524 62.
2198 1476 2316 1525 Dia«

1347 1550 1467 1598 demet
1494 1548 1616 1611 regni
1644 1547 1692 1590 in
1725 1560 1849 1592 manu
1863 1544 1953 1592 Dei
1972 1578 1982 1588 .
2022 1548 2164 1593 Radii
2198 1548 2312 1595 vero

1349 1618 1659 1679 undequaque
1693 1627 1995 1680 erumpentes
2031 1616 2312 1664 Divinitatis

1350 1685 1613 1737 indicium:
1653 1679 1787 1730 insita
1816 1683 1942 1730 enirn
1974 1683 2068 1730 luci
2104 1683 2314 1746 majestas

1350 1752 1537 1804 coeleste
1555 1749 1802 1818 quidpiam
1833 1751 1957 1819 apud
1985 1755 2165 1802 animos
2191 1757 2311 1802 anti-

1348 1839 1552 1892 quorum
1570 1816 1800 1869 referebat
1813 1856 1823 1867 .
1838 1822 1968 1870 Hinc
1984 1822 2220 1889 lampades
2236 1828 2314 1880 (ut

1349 1907 1481 1944 notat
1498 1888 1658 1960 Justus
1685 1888 1865 1958 Lipsius
1897 1892 1943 1939 in
1960 1890 2229 1942 excursibus
2253 1894 2311 1943 ad

1349 1965 1578 2013 Tacitum
1612 1959 1694 2008 lib.
1723 1962 1993 2024 1.Annal.)
2031 1964 2154 2012 inter
2179 1964 2315 2011 Prin-

1344 2038 1524 2102 cipatus
1553 2027 1748 2098 insignia
1782 2032 1898 2078 olim
1933 2032 2310 2100 Imperatoribus

1344 2100 1707 2173 praeferebantur
1728 2135 1745 2157 ‚
1781 2118 1837 2149 eo
1854 2101 2047 2168 quidem
2068 2116 2311 2171 tempore,

1345 2192 1439 2243 quo
1457 2170 1675 2238 sacrilega
1691 2170 1935 2219 hominum
1956 2169 2197 2221 assentatio
2214 2175 2315 2220 Au-

1346 2243 1535 2314 gustos,
1573 2241 1947 2299 humanitatem,
1986 2256 2091 2291 ante
2124 2241 2314 2290 obitum

1350 2329 1554 2367 exuens,
1587 2309 1840 2362 divinitate
1874 2311 2079 2363 donabat
2101 2348 2111 2357 .

1420 2385 1536 2433 Haec
1555 2379 1612 2428 de
1629 2379 1858 2447 praecipus'i
1876 2384 2029 2448 operis
2048 2379 2211 2449 figunt:
2226 2382 2314 2428 Exss

1351 2450 1566 2522 ponenda
1586 2449 1730 2498 modo
1747 2449 1812 2499 est
1829 2448 1965 2500 series
1981 2451 2169 2500 illarum
2182 2485 2199 2508 ,
2212 2468 2311 2518 quae

1350 2525 1473 2571 circa
1504 2537 1665 2568 arcum
1696 2520 1915 2586 utrinque
1950 2518 2042 2569 fitae
2075 2519 2219 2582 sunt3
2255 2538 2310 2569 ex

1350 2591 1517 2660 quibus
1536 2588 1692 2640 ideam
1712 2592 1865 2659 operis
1885 2588 2019 2639 facile
2042 2592 2133 2640 erit
2151 2608 2313 2658 argue-

1351 2681 1400 2712 re
1419 2658 1716 2727 desumptam
1744 2657 1876 2708 fuiffe
1902 2679 1960 2710 ex
1979 2680 2025 2724 4.
2051 2679 2150 2728 cap.
2177 2664 2315 2727 Apo*

1349 2727 1609 2799 calypseos:
1628 2728 1935 2798 conspicuum
1955 2732 2081 2781 enim
2096 2728 2160 2779 est
2172 2765 2189 2787 ,
2201 2748 2313 2796 qua-

1347 2816 1457 2850 tuor
1483 2799 1619 2867 supra
1639 2801 1816 2868 viginti
1842 2799 2042 2849 seniores
2059 2835 2076 2858 ,
2113 2817 2228 2865 quos
2256 2816 2313 2848 eo

1348 2873 1395 2920 in
1410 2873 1516 2920 loco
1536 2869 1744 2920 recenset
1760 2873 2048 2938 D.Joannes,
2062 2869 2137 2919 hic
2155 2869 2314 2918 adum-

1347 2942 1473 2991 brari
1490 2976 1506 2998 ,
1534 2940 1644 2988 licet
1660 2938 1832 3005 injuria
1851 2953 2124 3007 temporum
2143 2953 2232 2988 tres
2252 2955 2313 2988 ex

1347 3013 1440 3060 illis
1469 3007 1701 3077 absumpti
1720 3008 1830 3058 fint.
1870 3009 2126 3076 Supersunt
2147 3026 2268 3056 nunc
2289 3027 2315 3056 a

1347 3083 1539 3131 dextera
1571 3080 1856 3136 salvatoris,
1886 3077 1982 3129 sive
2014 3079 2073 3128 ad
2104 3079 2312 3144 Aquilo-v

1346 3168 1458 3199 nem
1488 3151 1654 3199 decem
1673 3165 1840 3199 eorum
1857 3148 2045 3198 nudatis
2064 3145 2316 3217 capitibus3

1349 3219 1580 3271 undecim
1598 3237 1623 3267 a
1641 3216 1816 3269 finistra
1832 3253 1849 3279 ,
1864 3217 1961 3271 five
1979 3218 2038 3270 ad
2055 3216 2313 3273 Austrum,

2190 3303 2314 3359 capi*
