2425 3747
683 192 1496 247 CAPDTXIVae

133 267 249 313 Haec
271 262 396 331 apud
418 252 623 310 eundem
642 257 938 309 Paschalium
968 264 1035 312 lo-

62 353 118 383 co
147 336 294 382 citato
320 336 544 399 leguntur
565 364 576 375 .
617 330 718 378 Nos
739 345 897 381 autem
924 352 1037 402 prae-

63 404 216 454 dictos
232 403 463 463 Auctores
477 400 802 460 conciliantes,
816 417 1038 470 putamus

64 493 262 524 coronas
293 475 341 520 in
357 475 471 521 locis
487 469 849 536 campestribus,
865 474 1037 525 vineis-

62 563 155 613 que
171 582 187 604 ,
202 544 283 592 ubi
303 545 487 591 animus
510 543 536 589 ἓι
553 543 675 589 curis
695 544 885 591 levatur
899 582 916 603 ,
930 546 1037 594 casu

65 618 344 665 adinventas
359 609 490 661 fuisse
510 633 521 661 ι
562 614 769 680 aliquem
790 632 961 684 nempe
989 618 1036 664 in

64 688 147 734 illa
168 687 440 732 animorum
459 685 702 733 alacritate
718 720 734 741 ,
771 689 1004 754 pampinis
1021 722 1037 744 ,

64 771 147 804 aut
166 757 360 819 alicujus
388 757 555 823 plantae
586 758 725 802 ramis
745 757 792 802 in
812 775 1036 824 gyrum-2

66 828 330 884 contextis,
370 844 561 874 coronas
580 823 796 875 formasse
814 862 830 883 ,
859 826 1043 894 illisque

64 897 306 946 sociorum
326 932 343 954 ,
379 898 790 963 convivarumque
827 910 1042 965 tempora

64 965 304 1017 redimisse
325 988 339 1027 3
375 984 475 1033 quae
501 964 609 1014 cum
628 967 743 1032 quid
766 967 1006 1016 ludicrum
1023 1003 1038 1025 ,

62 1058 116 1086 ac
143 1038 407 1103 jucundum
428 1035 700 1104 praeferrent
712 1038 857 1095 ,alios
876 1055 1039 1087 omnes

66 1111 276 1156 invicem
293 1104 376 1154 fibi
394 1105 567 1155 slmiles
584 1124 777 1157 coronas
793 1110 937 1175 capiti
955 1110 1042 1155 im-

65 1175 263 1247 posuiffe
281 1212 297 1234 ‚
326 1175 519 1242 illasque
538 1177 736 1241 tripudii
757 1213 772 1235 ,
811 1179 859 1226 δε
882 1179 1042 1225 hilari-

65 1251 173 1296 tatis
212 1262 426 1313 tempore
461 1243 647 1312 gestaffe
665 1281 675 1292 .
714 1250 883 1295 Meam
923 1250 1041 1295 hanc

65 1318 385 1380 conjecturam
410 1312 695 1364 confirmant
709 1318 790 1383 qui
813 1316 1041 1375 scribunt,

64 1390 305 1436 Bacchum
340 1388 641 1435 Coronarum
691 1388 1040 1438 inventorem-2

62 1456 224 1516 fuisse,
252 1458 302 1508 ὃς
334 1456 641 1506 hederaceam
671 1454 827 1526 ipsum
857 1456 1044 1519 tulisse,

64 1531 244 1577 Plinius
271 1528 499 1596 praecipue
528 1526 610 1575 lib.
634 1538 708 1577 16.
734 1548 897 1598 cap.4.
937 1532 1042 1578 Alii

65 1615 226 1647 tamen
242 1598 427 1645 Baccho
443 1599 953 1668 antiquioremJanum
972 1597 1040 1648 fa-

65 1671 227 1725 ciunt,
247 1681 300 1714 ut
315 1667 569 1715 Athenaeus
585 1667 667 1714 lib.
690 1688 706 1715 1
721 1685 764 1727 5.
780 1672 861 1716 alii
884 1674 1041 1718 Satur-

65 1757 183 1789 num
198 1774 213 1795 ,
240 1752 293 1785 ut
320 1754 378 1785 ex
398 1735 654 1786 Pherecide
672 1751 832 1785 narrat
850 1738 1044 1788 Tertul-

67 1813 221 1860 lianus
241 1810 287 1854 in
303 1805 384 1853 lib.
405 1807 473 1856 De
489 1810 652 1859 Corona
667 1808 866 1859 Militis.
882 1812 1043 1877 Qan}

65 1878 100 1928 fi
120 1881 345 1927 Saturnus
364 1893 647 1925 coronarum
666 1880 892 1928 inventor
918 1881 1043 1928 exti-

67 1952 156 2007 tit,
194 1950 243 1998 &
264 1946 360 2015 ipse
379 1949 602 1995 Saturnus
633 1947 798 1997 Adam
821 1944 915 1997 fuit
935 1985 952 2007 ,
990 1962 1045 1997 ut

63 2018 304 2070 existimat
319 2016 431 2065 erud
442 2015 655 2066 itiffimus
668 2020 913 2068 Gerardus
926 2017 1045 2069 Vos*

65 2090 159 2140 slus
176 2090 246 2138 De
264 2087 462 2155 Theolog.
482 2088 725 2138 Gentilium
741 2089 825 2138 lib.
848 2109 866 2138 1
878 2127 887 2137 .
904 2109 943 2138 c.
964 2111 982 2140 1
996 2096 1041 2141 8.

69 2160 105 2210 fi
137 2156 252 2208 vero
287 2159 495 2207 Bacchus
511 2195 528 2216 ,
566 2172 647 2207 aut
668 2164 819 2230 Janus
835 2195 850 2218 ,
866 2162 948 2227 qui
973 2176 1042 2211 te-

67 2230 218 2280 stante
233 2228 406 2277 eodem
424 2225 590 2278 Voffio
608 2231 713 2279 loco
733 2232 878 2278 citato
899 2231 1047 2287 ‚idem

66 2300 179 2351 sunt
202 2318 256 2347 ac
292 2302 431 2356 Noe,
475 2316 532 2347 ex
556 2299 644 2348 hoc
676 2299 933 2350 deducitur
965 2319 1043 2348 an-

70 2367 355 2438 tiquiffimus
391 2387 678 2418 coronarum
707 2369 844 2429 usuS,
880 2373 929 2422 &
962 2389 1046 2440 per

69 2438 355 2507 consequens
385 2441 645 2490 earundem
681 2443 877 2508 originis
913 2444 1046 2510 igno-

68 2513 225 2561 rantia
254 2546 264 2556 .
304 2512 416 2560 Hoc
446 2523 610 2561 tamen
645 2510 818 2560 scimus
845 2548 861 2570 ,
899 2510 1048 2562 Mofis

68 2598 288 2650 tempore
313 2583 361 2628 in
382 2580 572 2629 honoris
593 2596 930 2650 argumentum
946 2619 962 2641 ,
998 2584 1048 2633 &

72 2653 257 2722 signum
282 2664 526 2718 acceptas,
548 2664 603 2699 ut
631 2652 830 2703 habetur
850 2654 897 2701 in
908 2651 1047 2723 Jose·

71 2726 165 2793 pho
191 2721 274 2771 lib.
294 2737 338 2780 3.
369 2723 421 2771 de
440 2725 668 2791 Antiquit.
689 2724 878 2791 Judaic.
906 2743 944 2772 c.
970 2744 987 2773 1
1005 2744 1045 2773 1.

74 2794 157 2844 ubi
176 2815 186 2842 ε
222 2793 527 2846 Circumdatnr
555 2799 596 2844 ei
615 2793 880 2851 (videlicet
899 2797 1045 2863 capiti

72 2861 338 2927 Pontificis)
352 2868 408 2914 ὠ·
423 2881 550 2915 aurea
565 2883 712 2915 cerona
726 2865 864 2914 tribus
881 2867 1048 2916 ordini-

73 2933 313 3003 busfilffla.
350 2936 400 2984 ὃ(
423 2934 506 2982 lib.
525 2940 570 2985 8.
589 2954 689 3003 cap.
709 2950 752 2994 3.
781 2938 972 2993 Corona,
1001 2941 1050 2986 in

74 3023 155 3075 qua
172 3007 311 3072 Deum
330 3003 479 3074 Mofi’s
497 3007 730 3073 firipftrat
748 3024 875 3055 unum
880 3006 1017 3075 fi‘ff’
1038 3043 1049 3053 .

146 3076 398 3142 Propterea
417 3074 670 3125 sententias
687 3077 879 3126 illorum
906 3079 1051 3126 omit-

79 3161 162 3202 to,
198 3147 277 3209 qui
313 3147 604 3213 opinantur,
641 3164 836 3196 coronas
862 3146 1049 3196 desum-

78 3230 180 3285 ptas
209 3211 295 3262 esse
326 3215 384 3264 ab
417 3218 699 3268 animalium
726 3216 1016 3267 terrestrium
1034 3253 1052 3277 ,

153 3283 297 3336 ParJ.

1972 219 2068 261 107⁴

1091 261 1169 312 seu
1189 265 1464 312 volatilium
1479 300 1495 323 ,
1516 277 1600 313 aut
1616 264 1818 334 piscium
1831 301 1848 324 ,
1869 264 1967 317 five
1982 269 2070 319 flo-

1092 351 1215 392 rum,
1228 348 1309 382 aut
1322 332 1566 384 frunuum
1582 334 1910 385 similitudine:
1925 353 2067 404 prout

1090 406 1236 452 etiam
1249 440 1265 462 ,
1286 419 1511 471 tanquam
1533 408 1688 454 inania
1706 407 1964 455 Poetarum
1984 405 2067 475 fig-

1093 488 1255 522 menta
1271 510 1287 532 ,
1306 473 1548 523 stellarum
1575 495 1800 535 coronas,
1815 478 1860 524 in
1889 478 2070 545 plaga..

1093 546 1280 593 Boreali
1315 545 1617 594 Ariadnaeam
1638 583 1654 604 ,
1689 548 1738 598 δε
1776 548 1826 593 in
1854 546 2065 596 Australi

1092 613 1402 670 Austrinam,
1438 612 1536 664 five
1565 619 1744 665 Rotam
1772 619 1983 678 Ixionis3
2016 620 2069 669 &

1091 682 1307 752 proprius
1326 684 1383 732 ad
1400 685 1659 734 earundem
1679 685 1974 736 diversarum
1992 685 2070 756 spe

1098 757 1278 803 cierum
1306 755 1651 804 enarrationem
1676 755 1859 807 transeo
1877 793 1887 803 .
1916 761 2067 807 Coro-

1098 843 1166 872 nae
1195 825 1341 892 igitur
1370 828 1596 892 temporis
1620 825 1855 895 progteffu
1882 845 1976 876 non
1998 825 2070 877 so-

1095 893 1195 943 lum
1222 898 1268 941 in
1295 895 1546 943 alacritatis
1563 932 1576 954 ,
1617 917 1669 945 ac
1689 898 1860 946 laetitiae
1886 896 2070 966 signum

1094 968 1217 1013 inter
1239 967 1465 1013 convivas
1493 966 1758 1017 adinventa>
1787 965 1958 1029 fuere3
1989 986 2070 1017 ve-

1094 1034 1200 1083 rum
1222 1038 1368 1084 etiam
1388 1036 1446 1084 ad
1467 1036 1771 1086 indicandam
1800 1040 1891 1086 viri
1921 1040 2070 1086 alicu·

1095 1111 1164 1169 jus
1186 1107 1547 1173 praerogativam
1563 1141 1580 1163 ,
1599 1106 1659 1155 ob
1681 1105 1858 1173 infigne
1877 1108 2071 1174 aliquod

1095 1174 1302 1233 facinus,
1333 1177 1411 1224 vel
1440 1178 1733 1243 peculiarem
1767 1178 2073 1236 virtutem-‚,

1097 1262 1178 1294 aut
1205 1246 1519 1313 dignitatem3
1550 1247 1600 1296 &
1620 1246 1902 1314 quandoque
1927 1251 2074 1297 etiam

1098 1319 1145 1363 in
1167 1315 1351 1385 signum
1377 1315 1554 1364 doloris
1568 1351 1585 1373 ,
1601 1330 1682 1364 aut
1702 1317 1973 1384 ignominiae
1987 1355 2005 1379 ,
2020 1334 2076 1370 ut

1099 1386 1219 1437 infra
1240 1385 1481 1434 ostendam
1499 1425 1509 1434 .

1170 1461 1218 1507 A
1239 1457 1571 1506 convivalibus
1588 1469 1781 1519 autem,
1806 1461 1961 1510 veluti
1982 1464 2077 1511 ori-

1097 1531 1206 1597 gine
1246 1527 1483 1597 prioribus
1513 1565 1530 1586 ,
1567 1529 1763 1577 initium
1799 1530 2032 1581 sumendo
2060 1569 2075 1590 ,

1097 1602 1346 1649 materiam
1363 1617 1555 1655 earum,
1581 1599 1632 1648 &
1669 1598 1856 1649 causam
1878 1602 2080 1652 demon-

1096 1669 1345 1717 strabimus
1365 1702 1375 1712 .
1420 1671 1576 1715 Variae
1604 1669 1847 1734 profecto,
1872 1669 1973 1721 five
2003 1690 2078 1720 ca·-

1098 1740 1208 1807 pitis
1230 1737 1287 1786 ad
1308 1749 1529 1786 ornatum
1545 1771 1560 1792 ,
1587 1735 1684 1786 five
1705 1738 1764 1787 ad
1786 1738 1927 1807 ipfius
1945 1740 2080 1791 debi-

1100 1811 1321 1865 litatem,
1360 1821 1440 1855 aut
1469 1808 1761 1876 gravitatem
1790 1811 2077 1871 levandam,

1101 1880 1181 1926 vel
1210 1881 1256 1924 in
1273 1877 1480 1926 odorum
1494 1877 1805 1942 fragrantiam
1832 1899 1917 1948 pro
1937 1882 2077 1931 libito

1099 1949 1418 1997 convivarum
1435 1983 1451 2004 ,
1480 1965 1537 1996 ex
1565 1949 1708 1995 variis
1728 1951 2082 2017 vegetabilibus

1100 2036 1284 2068 coronae
1311 2017 1551 2074 conflatae,
1577 2017 1626 2066 ὃς
1648 2016 1871 2068 consertae
1888 2019 2052 2072 fuere,
2067 2057 2079 2068 .

1100 2089 1338 2139 Nonnulli
1384 2089 1514 2136 enim
1550 2088 1835 2138 Hederaceam
1882 2091 2079 2142 adhibe-

1101 2159 1215 2208 bant
1253 2161 1424 2221 (cujus
1459 2160 1704 2225 exemplar
1739 2159 1880 2209 habes
1909 2163 1957 2209 in
1980 2162 2078 2210 Ta-

1102 2230 1213 2278 bula
1237 2232 1490 2279 XXXVI.
1508 2230 1607 2296 Fig.
1623 2240 1694 2293 3.)
1712 2230 1893 2279 Baccho
1915 2233 2080 2281 inven-

1099 2303 1195 2350 tori
1217 2299 1456 2348 dicatam:
1494 2301 1668 2367 quippe
1695 2302 1776 2366 qui
1805 2300 1988 2351 hederae
2005 2300 2079 2351 fo-

1102 2373 1175 2420 liis
1200 2406 1215 2427 ,
1253 2372 1368 2418 citra
1402 2370 1586 2417 cultum
1617 2371 1667 2420 &
1698 2384 1850 2420 artem
1883 2376 2079 2441 perenni

1101 2442 1350 2490 viriditate
1381 2440 1691 2490 vernantibus
1711 2446 1957 2501 coronati,
1985 2442 2081 2493 fine

1100 2512 1258 2579 gravis
1286 2511 1444 2559 odoris
1470 2511 1638 2561 nausea
1668 2509 1969 2581 refrigerium
1999 2531 2080 2563 ex-

1103 2580 1408 2650 periebantur
1421 2618 1431 2628 .
1451 2584 1553 2630 Alii
1574 2582 1802 2650 Myrteam
1815 2583 2079 2651 gestabant,

1101 2655 1192 2708 (ut
1213 2654 1261 2700 in
1282 2650 1493 2716 ejusdem
1513 2653 1712 2702 Tabulae
1738 2656 1839 2723 Fig.
1864 2664 1951 2719 7.)
1977 2673 2079 2723 quae

1102 2720 1340 2791 astringit,
1373 2725 1589 2791 merique
1607 2724 1928 2776 exhalationes
1948 2742 2081 2775 coer-

1102 2806 1178 2842 cet
1203 2831 1213 2840 .
1254 2794 1357 2842 Alii
1377 2795 1605 2860 Rofizceam
1625 2794 1914 2863 usurparunt
1931 2799 2012 2853 (ut
2028 2798 2079 2844 in

1103 2863 1237 2913 dictae
1259 2861 1381 2911 Tab.
1404 2866 1503 2932 Fig.
1528 2874 1605 2927 1.)
1640 2865 1750 2915 cum
1766 2864 1901 2916 Rosae
1918 2868 2076 2935 gravi-

1103 2935 1190 2982 tati
1220 2934 1386 3002 capitis
1403 2932 1679 2994 conferant,
1705 2936 1755 2986 ὃ(
1775 2954 1901 2987 acres
1926 2953 2075 3003 vapo-

1103 3022 1173 3053 res
1205 3006 1252 3051 in
1283 3003 1534 3054 cerebrum
1565 3005 1887 3076 conspirantes
1914 3005 2075 3071 expel-

1106 3076 1231 3123 lant.
1270 3074 1486 3142 Qidam
1521 3079 1814 3146 Antinqjam,
1847 3076 2072 3125 Latinam-

1105 3166 1178 3214 que
1215 3142 1359 3194 fronti
1382 3147 1690 3214 imponebant
1718 3151 1808 3202 (ut
1824 3143 2005 3193 ibidem
2024 3146 2073 3192 in

1106 3219 1238 3283 Pig.2
1250 3225 1284 3278 .)
1301 3230 1552 3284 utramque
1568 3219 1593 3264 e
1608 3217 1717 3264 Loti
1735 3212 1933 3263 floribus
1949 3232 2074 3263 com-

1594 3287 1642 3334 O
1680 3302 1705 3331 2
1991 3302 2072 3352 pa·
