2425 3747
301 296 358 339 52
700 265 1912 327 VETERAMONIMENTA

1268 400 1270 402 Ι
1322 337 1524 388 historiis
1542 338 1771 411 infignitae
1786 340 1903 404 fint3
1922 342 2034 390 licet
2049 344 2150 392 aliae
2165 361 2298 394 areo·

488 411 861 469 CAPUT
936 410 1079 458 VII.

330 558 402 610 De
430 558 648 606 nonnullis
672 554 962 607 ornamentis,
999 567 1085 618 quae
1113 567 1237 600 erant

344 671 347 674 ,
416 632 465 679 in
489 626 676 694 Bafilica
702 621 935 672 Siciniana
951 657 965 678 ,
993 621 1149 687 postea

503 697 552 747 S.
573 693 759 745 Andreae
787 698 836 743 in
865 690 1062 744 Barbara

666 765 902 832 appellata.

467 906 670 958 MNfflus
694 906 743 952 in
763 902 1082 953 architectura
1102 901 1184 953 vel
1205 902 1272 950 le-

486 977 615 1025 viter
631 972 828 1024 versatis
849 986 1024 1023 notum
1041 971 1109 1022 est
1126 1009 1142 1030 ,
1177 974 1271 1022 Ar-

292 1050 522 1102 chiteetos
546 1041 837 1095 consuevisse
868 1042 1061 1113 publica
1080 1040 1278 1093 aedificia

291 1120 601 1172 devistorum
623 1114 831 1165 hostium
856 1115 1040 1183 Figuris
1072 1130 1242 1163 ornare
1265 1152 1276 1163 .

293 1197 451 1242 Docet
470 1191 559 1236 hoc
579 1185 674 1254 ipse
694 1186 956 1236 Vitruvius
969 1222 986 1243 ‚
1017 1187 1130 1233 artis
1147 1184 1278 1235 illius

292 1265 512 1333 princeps
527 1255 611 1305 lib.
643 1275 682 1305 1.
706 1274 861 1324 cap.1.
880 1254 962 1306 ubi
984 1274 1071 1325 pro
1091 1255 1280 1306 colum-

292 1336 364 1383 nis
390 1324 548 1384 eredita
567 1321 702 1377 fuisse
735 1329 803 1375 ait
833 1345 1102 1377 marmorea
1136 1323 1281 1375 fimu-

292 1406 423 1453 lacra
440 1438 457 1461 ,
494 1416 595 1468 quae
614 1400 863 1447 Matronas
885 1396 1211 1463 Caryathides
1229 1399 1279 1446 in

288 1477 346 1524 in
380 1470 672 1523 servitutem
712 1468 926 1519 redactas
974 1467 1279 1536 repraesenta-

290 1557 423 1594 rent:
453 1539 771 1606 similiterque
793 1539 1150 1590 debellatorum
1167 1540 1278 1588 Per-

291 1611 457 1663 sarum
484 1611 648 1659 statuis
677 1613 703 1659 ὲ
722 1611 1097 1661 Lacedaemoniis
1125 1609 1280 1660 victo-

293 1682 425 1734 ribus
444 1683 657 1749 porticus
678 1696 925 1730 exornatas
943 1717 953 1727 .
973 1682 1073 1748 Qi
1094 1697 1195 1729 mos
1211 1683 1283 1729 in-

292 1754 355 1802 de
374 1753 434 1800 ad
452 1754 699 1797 Romanos
729 1749 915 1793 transsit
926 1781 944 1805 ,
983 1752 1108 1792 itaut
1129 1758 1283 1796 Arcus

292 1817 636 1887 Triumphales
673 1815 860 1882 Figuris
896 1811 1105 1865 hostium
1143 1815 1281 1865 suba-

285 1895 518 1947 storum,
554 1905 608 1936 ac
628 1884 791 1951 spoliis
812 1882 1183 1951 infignirentur‚
1212 1890 1284 1936 uti

285 1978 469 2015 eorum
496 1955 717 2005 nonnulli
738 1957 908 2003 Romae
929 1951 1083 2001 adhuc
1115 1950 1287 2001 stantes

297 2032 445 2083 fidem
477 2024 662 2074 faciunt
691 2060 702 2071 .
752 2022 862 2072 Imo
902 2022 1154 2090 praedictus
1185 2040 1287 2070 mos

300 2099 424 2153 adeo
440 2096 674 2151 invaluit,
687 2107 742 2142 ut
759 2112 856 2144 non
875 2094 924 2142 in
940 2091 1164 2142 Arcubus
1184 2111 1286 2142 mo-

301 2173 395 2230 do,
432 2167 514 2218 sed
542 2167 694 2215 etiam
726 2166 775 2214 in
807 2161 1017 2213 Bafilicis
1042 2163 1103 2212 ad
1129 2164 1284 2232 parie-

293 2245 409 2292 ‘tum
445 2248 671 2288 ornatum
708 2253 760 2283 ac
796 2235 974 2294 decus,
1011 2251 1125 2282 cum
1162 2234 1285 2302 pene

302 2311 437 2363 omni
468 2306 702 2375 triumphi
732 2303 910 2375 pompz‘l
927 2342 944 2365 ,
982 2305 1284 2373 triumphan-

302 2386 429 2433 tium
446 2379 692 2430 viC‘torum
712 2377 944 2445 imagines
963 2389 1257 2444 ponerentur
1272 2412 1283 2423 .

373 2455 491 2504 Haec
520 2449 684 2498 omnia
716 2445 1073 2497 evidentiffime
1092 2447 1287 2515 colliges

305 2529 331 2576 ἐ
366 2517 671 2590 sequentibus
709 2516 912 2566 Tabulis
944 2553 960 2575 ,
1011 2515 1286 2567 extantibus

309 2597 429 2645 olim
446 2595 495 2642 in
513 2586 721 2639 Basilicae
741 2589 986 2637 Sicinianae
1008 2586 1286 2656 parietibus,

310 2664 417 2715 fivae
451 2657 658 2712 Ecclesia
683 2660 727 2706 S.
748 2658 957 2707 Andreae
985 2663 1034 2708 in
1062 2658 1286 2717 Barbara,

294 2730 369 2786 vde
391 2751 482 2800 qua
508 2729 628 2781 infra
654 2733 774 2797 CaP·
794 2732 1020 2782 XXVII.
1048 2725 1192 2778 fufius
1211 2728 1283 2777 di-

313 2821 472 2856 cemus
489 2837 500 2846 .
538 2800 678 2850 Libet
706 2801 854 2867 igitur
874 2797 949 2847 hic
974 2817 1049 2849 eas
1074 2798 1286 2848 Tabulas

314 2870 523 2947 plurima
545 2870 817 2921 eruditione
849 2868 1040 2921 refertas
1065 2907 1081 2930 ‚
1119 2888 1287 2939 opero-

315 2943 405 2996 sius
429 2942 742 3008 contemplari
769 2977 784 2998 ,
819 2943 870 2993 ὃς
894 2941 1105 2990 historias
1131 2978 1146 3001 ,
1185 2959 1285 3008 quae

318 3020 366 3066 in
387 3016 478 3064 illis
496 3011 665 3063 caelatae
685 3008 789 3059 sunt
805 3048 820 3068 ,
849 3029 1087 3079 exponere
1106 3048 1117 3058 .

384 3087 545 3133 Prima
575 3079 794 3139 Tabula,
830 3099 931 3147 quae
961 3081 1026 3131 est
1053 3083 1102 3129 in
1121 3081 1288 3130 ordine

319 3160 467 3212 XXI.
487 3152 606 3205 adeo
630 3165 796 3201 ornata
821 3149 912 3208 est,
955 3165 1008 3199 ut
1028 3155 1075 3200 in
1094 3170 1148 3202 ea
1168 3149 1289 3202 defi-

322 3228 476 3278 derari
504 3224 622 3272 nihil
641 3219 805 3288 possit,
833 3218 944 3269 cum
959 3223 1197 3271 nonnullae
1218 3221 1284 3269 ibi

322 3310 553 3350 contentae
575 3293 741 3342 areolae
753 3328 770 3352 ,
790 3309 956 3359 nempe
973 3305 1091 3352 tres,
1119 3290 1288 3361 lepidis

737 3456 753 3497 Χ

1323 411 1378 457 1ae
1408 406 1609 460 historiis
1632 426 1853 470 careant,
1889 430 2000 479 quas
2019 425 2297 481 temporum

1323 480 1559 546 ingluvies
1587 485 1763 550 partim
1792 483 2081 544 devoravit3
2119 487 2299 553 partim

1326 548 1443 598 vero
1470 550 1631 619 lapsae,
1658 555 1706 600 in
1724 554 1873 601 alium
1896 551 2034 602 usum
2061 554 2302 604 conversae

1324 618 1504 669 fuerint
1522 657 1538 678 ,
1573 636 1627 671 ut
1647 620 1766 670 infra
1789 622 2246 673 demonstrabimus.

1398 692 1556 739 Prima
1584 695 1712 742 exiis
1729 690 1879 741 tribus
1896 697 2050 742 areola
2066 731 2082 753 ,
2109 693 2207 745 five
2226 696 2303 744 Fi-

1326 779 1442 833 gura
1459 796 1475 820 ,
1500 763 1841 832 triumphalem
1858 781 2054 812 currum
2080 764 2275 815 exhibet
2290 802 2307 825 ,

1329 850 1472 899 quem
1491 831 1589 880 bini
1610 834 1790 883 Leones
1810 834 2005 882 trahunt
2021 869 2031 881 .
2072 835 2215 885 Sedet
2233 834 2306 885 su-

1328 922 1410 974 pra
1427 920 1621 951 currum
1643 907 1735 953 Vir
1748 940 1765 963 ,
1779 901 1973 954 dextera*
1991 908 2190 973 Imperii
2211 903 2308 956 sce·

1327 988 1435 1044 ptro
1450 1009 1465 1030 ,
1487 990 1618 1022 more
1636 976 2038 1041 triumphantium
2052 1011 2067 1033 ,
2089 977 2307 1028 innixus,

1332 1048 1545 1094 Currum
1576 1045 1710 1110 praeit
1738 1060 1878 1110 eques
1901 1079 1917 1101 ,
1958 1042 2136 1111 ipsique
2171 1046 2312 1116 pedes

1332 1114 1528 1181 quidam
1556 1114 1782 1181 praecedit
1802 1150 1818 1172 ‚
1855 1127 1910 1161 ut
1935 1116 2070 1163 vides
2087 1149 2098 1160 .
2137 1119 2317 1166 Cum-2.

1332 1183 1418 1234 diu
1437 1181 1710 1234 haefitaffem
1727 1188 1774 1233 in
1795 1183 2068 1247 hujusmodi
2087 1185 2314 1237 Historiae

1333 1255 1622 1306 enodatione
1637 1292 1654 1314 ,
1693 1255 1928 1304 succurrit
1948 1256 2068 1302 mihi
2085 1255 2230 1304 Plinii
2247 1254 2315 1305 se·

1332 1329 1479 1375 nioris
1504 1327 1634 1375 locus
1658 1326 1741 1375 lib.
1766 1331 1811 1376 8.
1848 1345 1947 1394 cap.
1976 1336 2049 1375 16'.
2082 1324 2164 1374 ubi
2187 1327 2317 1395 legi,

1332 1400 1407 1447 M.
1423 1399 1695 1447 Antonium
1713 1398 2056 1446 Triumvirum
2070 1392 2203 1446 fuiffe
2223 1397 2317 1464 pri-

1333 1486 1503 1526 mum,
1540 1469 1622 1534 qui
1650 1471 1819 1517 Romae
1842 1468 2023 1518 Leones
2050 1465 2134 1515 sub
2162 1472 2318 1536 juga-

1333 1540 1636 1602 conjunxerit
1658 1575 1674 1598 ,
1713 1540 1763 1590 &
1797 1556 1962 1588 currus
1994 1537 2181 1586 trahere
2210 1555 2318 1586 coe-

1334 1611 1457 1677 gerit
1475 1645 1484 1656 .
1513 1611 1573 1656 Et
1589 1610 1785 1676 quidem
1803 1607 1915 1657 cum
1941 1608 2231 1658 dimicatum
2248 1605 2318 1657 es-

1336 1680 1404 1729 set
1422 1680 1558 1728 civili
1589 1679 1714 1730 bello
1737 1683 1784 1728 in
1807 1677 2082 1727 Pharsalicis
2108 1679 2318 1746 campis,

1340 1769 1434 1798 non
1452 1746 1545 1798 fine*
1561 1751 1772 1814 quodam
1798 1749 1983 1798 ostentu
2012 1762 2287 1814 temporum
2303 1783 2321 1806 ,

1337 1817 1588 1890 generosos
1622 1818 1811 1890 spiritus
1841 1825 2013 1889 jugum
2039 1815 2197 1868 subire
2233 1819 2319 1866 illo

1338 1889 1561 1951 prodigio
1579 1889 1850 1950 compulsos
1869 1888 2183 1953 significavit:
2206 1905 2321 1935 nam

1339 1951 1470 2020 quod
1502 1953 1569 1999 ita
1598 1954 1763 2003 vectus
1792 1953 1857 2003 est
1883 1972 1994 2003 cum
2019 1955 2179 2003 Mima
2210 1959 2320 2025 Cy-

1340 2022 1529 2071 theride
1546 2058 1563 2080 ,
1591 2021 1728 2091 supra
1750 2023 1959 2074 monstra
1979 2025 2174 2072 illarum
2193 2027 2320 2073 cala-

1339 2094 1566 2142 mitatum
1585 2089 1701 2142 fuit.
1724 2097 1845 2163 Qae
1866 2111 1975 2143 mea
1998 2096 2271 2157 conjectura
2286 2093 2323 2145 fi

1339 2163 1624 2213 admittatur
1653 2200 1669 2221 ,
1718 2165 1865 2213 dubia
1901 2164 2119 2232 quaedam
2169 2163 2321 2216 insur-

1338 2248 1458 2305 gunt
1475 2270 1490 2291 ,
1529 2233 1699 2300 quibus
1719 2231 1883 2284 solutis
1901 2271 1917 2293 ,
1954 2234 2157 2285 historiae
2183 2254 2322 2286 non..-

1339 2324 1485 2375 parva
1516 2305 1600 2352 lux
1631 2301 1884 2356 afferetur.
1922 2304 2141 2355 Primum
2174 2308 2324 2376 igitur

1339 2375 1544 2426 dubium
1575 2377 1754 2425 excitat
1788 2376 2036 2426 Ciceronis
2068 2377 2201 2426 locus
2231 2380 2320 2427 ina

1340 2448 1605 2515 Philippica
1628 2464 1673 2493 2.
1701 2459 1870 2495 contra
1902 2449 1975 2494 M.
2005 2449 2282 2496 Antonium
2306 2484 2324 2507 ,

1337 2517 1422 2567 ubi
1443 2519 1535 2568 ait:
1572 2517 1750 2567 Etenim
1780 2517 1893 2585 quod
1903 2534 2087 2585 unquam
2119 2522 2169 2566 in
2187 2524 2322 2570 terris

1335 2587 1747 2655 tantumflagitium
1771 2589 1966 2658 exticiffio
1995 2590 2192 2639 auditum
2222 2591 2290 2639 essi
2306 2600 2324 2637 ε*

1335 2676 1502 2711 tantam
1521 2660 1834 2723 turpitudinem
1854 2669 1868 2705 ἲ
1904 2676 2077 2709 tantum
2107 2659 2285 2708 dedecus
2303 2670 2322 2707 Ξ·

1340 2729 1579 2785 Vebebatur
1594 2735 1643 2778 in
1661 2731 1792 2798 effido
1811 2729 2032 2780 Tribunus
2054 2730 2219 2782 Plebis:
2236 2728 2319 2778 Li-

1336 2801 1473 2853 tiores
1492 2803 1676 2850 laureati
1706 2799 2011 2850 antecedebant
2029 2837 2043 2858 ,
2084 2805 2202 2850 inter
2220 2817 2320 2866 quos

1337 2877 1478 2938 aperta
1497 2872 1649 2921 letifica
1668 2870 1822 2933 Mima
1859 2873 1879 2927 (
1899 2869 2018 2921 idest
2049 2871 2282 2938 Cytheris
2299 2879 2323 2932 )

1330 2943 1599 3011 portabatur5
1616 2959 1738 3010 quam
1758 2963 1813 2991 ex
1830 2944 2020 3008 Oppidis
2039 2943 2321 3007 municipales

1340 3017 1529 3064 homines
1562 3016 1737 3064 honefii
1769 3012 1950 3065 obviam
1977 3012 2204 3080 necffzric)
2221 3026 2324 3079 pro-

1340 3086 1514 3134 deuntes
1532 3119 1548 3140 ‚
1584 3103 1666 3131 non
1686 3099 1780 3133 noto
1800 3087 1878 3134 illo
1900 3120 1916 3141 ‚
1953 3093 2008 3135 <J
2039 3085 2209 3132 mimico
2238 3101 2319 3130 nox-

1340 3159 1455 3204 mine
1477 3188 1492 3210 ,
1529 3155 1616 3221 sed
1651 3158 1933 3208 Volumniam
1963 3152 2285 3221 consalutabant
2307 3186 2320 3196 .

1337 3226 1373 3276 S
1374 3222 1596 3294 equebatnr
1616 3226 1772 3276 Rbeda
1786 3246 1877 3276 cum
1898 3223 2142 3274 Lenonibus
2154 3259 2170 3282 ,
2187 3225 2318 3272 comi,-

1344 3314 1409 3347 ces
1428 3296 1663 3365 nequfflmi
1684 3333 1696 3345 .

2170 3364 2319 3414 Hunc
