2425 3747
79 293 194 362 quid
215 289 365 341 fuerit
381 309 398 350 3
433 287 752 360 antiquiffima
775 289 951 339 fabrica
970 309 1054 338 an-

73 379 121 414 te
142 365 410 431 Imperium
431 382 516 432 pro
534 373 665 411 certo
682 361 843 411 haberi
872 359 1054 430 potest,

71 432 185 482 cum
206 439 524 502 Imperatores
551 429 876 499 utplurimum
900 431 1051 499 neque

73 503 297 561 Gabino,
331 504 484 571 neque
511 500 703 552 Albano
733 502 892 570 lapide
917 539 933 560 ‚
970 500 1050 550 sed

71 573 333 623 Tiburtino
370 589 609 622 marmore
637 609 654 631 ,
690 587 772 621 aut
810 573 1050 622 laterculis

70 643 270 694 aedificia
287 643 631 694 construerent.
646 641 929 710 Antiquitus
944 659 1056 711 qua-

70 715 217 763 dratis
253 714 494 783 lapidibus
519 751 535 773 ,
574 710 723 781 iisque
752 717 933 782 magnis
965 713 1055 762 in-‚‘

67 782 276 854 publicis
313 785 538 854 operibus
573 786 645 832 uti
685 782 902 834 Thuscos
938 802 1049 834 con-

62 853 268 905 suevisse
299 854 445 906 refert
472 856 569 904 Leo
587 853 792 924 Baptista
819 853 1051 905 Albertus

67 925 155 975 lib.
171 945 216 986 7.
235 946 275 974 c.
296 944 341 974 2.
363 924 454 973 suae
470 926 851 988 Architesturae3
868 928 894 975 ἒι
916 925 1050 975 Thu-

66 996 156 1045 scis
192 997 305 1046 vero
335 992 559 1064 accepisse
593 999 870 1046 Romanos.
908 998 1050 1045 Hanc

66 1066 398 1128 conjesturam
431 1066 628 1116 deducit
662 1086 721 1117 ex
755 1068 906 1115 muris
932 1083 1051 1116 non-

68 1137 315 1185 nullarum
345 1139 652 1194 Civitatum,
689 1139 740 1187 δε
769 1134 1053 1186 Castrorum

69 1205 309 1264 Thusciae,
322 1208 610 1264 Volaterrae,
623 1205 800 1256 Fesulae
816 1209 909 1257 &c.
927 1211 1053 1257 Con*

65 1275 227 1325 firmat
242 1276 291 1325 id
306 1278 473 1325 Livius
491 1277 551 1324 ad
571 1295 750 1326 annum
766 1277 919 1331 Urbis
935 1296 1050 1326 con-

61 1347 179 1395 ditae
202 1352 317 1406 378.
339 1346 528 1405 ac‘bene}
548 1347 899 1398 animadvertit
918 1352 1053 1397 Mar·-

64 1418 219 1465 lianus
248 1415 330 1464 lib.
358 1436 398 1464 1.
426 1436 526 1484 cap.
545 1438 592 1481 4.
621 1419 672 1467 ὃ(
691 1416 776 1467 lib.
795 1436 844 1465 2.
876 1435 979 1477 cap.
1000 1433 1049 1469 9·

52 1485 156 1534 ,suae
184 1487 485 1552 Topographtae
505 1488 649 1531 Urbis
668 1488 853 1547 antiquae
873 1516 884 1528 .
919 1482 1055 1528 Stru-

52 1555 210 1605 -sturae
243 1554 381 1617 hujus
404 1550 650 1619 exemplar
676 1543 820 1599 affero
848 1552 897 1598 in
928 1550 1054 1600 Tab.

68 1627 271 1677 XXVI.
294 1625 394 1690 Fig.
422 1641 464 1669 1.
705 1661 709 1665 .

142 1693 250 1742 Imo
278 1693 328 1741 &
359 1689 466 1759 ipsis
500 1689 703 1739 Thuscis
734 1690 893 1740 multo
930 1694 1052 1741 anti-

60 1768 289 1832 quiorem
321 1758 456 1809 fuiffe
488 1759 885 1809 consuetudinem
913 1760 1055 1810 aedifi-

59 1836 144 1882 -cia
179 1832 418 1899 quadratis
450 1829 690 1898 lapidibus
723 1829 1052 1890 construendi,

59 1903 316 1970 colligitur
342 1898 628 1968 apertiffime
654 1917 714 1949 ex
741 1902 829 1957 iis,
859 1920 959 1967 quae
993 1901 1052 1949 de

60 1975 251 2021 horreis
282 1975 307 2019 a
331 1969 543 2039 josepho
579 1968 859 2019 construcstis
891 1982 1053 2019 narrat

62 2040 468 2111 Gregor.Turon.
482 2037 585 2087 hist.
601 2043 764 2087 Franc.
780 2040 862 2089 lib.
876 2061 960 2090 1.c.
973 2061 992 2090 1
1005 2062 1049 2091 0..

59 2118 207 2175 cujus
229 2112 324 2159 haec
339 2110 508 2159 verba:
528 2111 664 2176 Super
676 2116 816 2176 ripam
835 2121 943 2164 verb
960 2119 1052 2180 ejus

60 2185 93 2240 1(
109 2184 284 2231 Nilum
306 2182 560 2249 intellige)
593 2201 675 2230 non
694 2183 939 2248 Babylonia
959 2222 975 2243 ,
1000 2184 1053 2231 de

61 2272 151 2323 qua
162 2255 298 2322 sicprci
324 2258 626 2310 meminimus,
650 2254 739 2323 fid
763 2253 1049 2322 Babylonica-2

66 2329 241 2376 civicas
254 2326 479 2374 collocatur
493 2359 509 2380 ,
536 2330 585 2373 in
603 2344 683 2390 qua
703 2325 775 2391 ‘Jo
800 2327 877 2390 eph
902 2328 1049 2376 horrea

66 2401 178 2445 miro
213 2411 331 2463 opere
363 2396 416 2444 de
448 2396 668 2460 lapidibus
700 2395 954 2462 quadratis,
993 2402 1048 2448 (9³

66 2482 262 2515 caemento
280 2466 521 2533 aedificavit
536 2503 552 2525 ‚
572 2471 687 2516 itaut
703 2467 764 2514 ad
761 2465 957 2534 fitnclum
973 2485 1046 2516 ca-

64 2543 269 2603 paciora,
305 2537 365 2583 ad
380 2536 596 2604 fitmmum
626 2544 735 2588 verb
765 2539 1049 2591 confirma,

57 2607 158 2676 stnt
176 2643 193 2663 ‚
224 2623 271 2655 uc
287 2623 366 2672 per
395 2611 634 2672 parvulum
655 2605 857 2675 fhramen
886 2609 1050 2658 ibidem

70 2682 268 2728 triticum
275 2683 525 2743 jaceretur,
552 2699 634 2747 que
661 2680 809 2729 horrea
828 2682 954 2751 usque
979 2682 1054 2730 ho-

65 2750 146 2798 die
176 2764 404 2797 cernuntur
421 2784 433 2794 .

142 2816 359 2884 Expulfis
381 2815 590 2885 Regibus
606 2857 623 2879 ‚
639 2823 731 2870 una
751 2839 862 2870 cum
880 2825 1055 2871 Roma«

73 2906 134 2937 na
152 2887 420 2955 Republica
445 2905 631 2938 novum
659 2910 806 2958 genus
829 2894 1053 2942 Archite-

71 2959 216 3009 &urae
244 2973 408 3006 ortum
439 2955 571 3008 fuiffe
602 2962 830 3020 videtur,
867 2964 995 3031 quod
1025 2967 1051 3012 a

72 3030 310 3079 Vitruvio
338 3026 420 3077 lib.
443 3046 487 3075 2.
508 3048 546 3076 c.
564 3035 608 3080 8.
638 3034 906 3101 appellatur
928 3039 1050 3083 anti-

69 3117 198 3166 quum
223 3104 431 3148 incertum
453 3134 470 3156 ,
507 3101 558 3148 &
576 3099 658 3148 sub
681 3106 873 3154 nomine
892 3111 1048 3155 reticu-

72 3173 157 3220 lati
181 3174 363 3226 incerti,
396 3167 494 3218 five
519 3176 690 3238 antiqui
709 3176 1051 3243 comprehendi

68 3235 202 3310 posse
224 3255 422 3290 autumo
440 3276 451 3287 .
488 3243 683 3312 inppe
709 3243 821 3295 cum
841 3247 1051 3314 quadam

144 3308 290 3360 ParJ.

921 220 961 272 P
1032 219 1083 274 U
1156 216 1202 273 T
1308 216 1472 274 VIII.

2015 236 2053 277 6

1108 290 1188 340 die
1205 293 1330 341 ultra
1348 292 1549 341 Pontem
1566 292 1799 339 Salarium
1813 326 1829 349 ,
1847 292 1898 342 &
1916 246 2085 345 locunZ

1107 364 1188 429 qui
1203 381 1327 410 nunc
1348 361 1525 410 dicitur
1543 365 1587 411 la
1605 363 1882 430 Serpentara,
1899 366 2080 414 Roma-

1104 451 1219 481 num
1240 436 1429 499 Agrum
1455 431 1791 500 perlustrarem
1820 436 1915 483 una
1930 452 2082 483 cum-2

1103 505 1392 570 praelaudato
1422 501 1582 551 Abate
1601 502 1853 560 Fabretto,
1880 508 2085 554 nonnul-

1103 574 1168 621 las
1196 574 1470 621 invenimus
1500 575 1658 623 ruinas
1678 575 1862 641 antiqui
1885 576 2085 624 Crustu-

1105 644 1225 700 mii,
1254 642 1337 691 ubi
1366 640 1586 691 visuntur
1615 644 1763 692 diruti
1798 645 1971 712 templi
2004 665 2086 714 pa·-

1105 715 1288 762 rietinae
1316 731 1374 762 ex
1393 712 1633 781 quadratis
1651 716 1807 782 tophis
1838 717 2084 763 inconcin-

1105 786 1163 832 ne
1185 781 1402 833 formatis
1418 820 1435 841 ,
1466 785 1547 850 qui
1566 786 1678 833 retis
1695 783 1904 834 formam
1926 785 2088 853 praese-

1103 852 1292 912 ferunt,
1321 852 1650 922 speciemque3
1677 873 1772 905 non
1807 870 1965 904 tamen
2005 857 2089 905 ad-

1105 922 1323 975 amuffim
1360 924 1422 974 ob
1456 927 1827 992 inaequalitatem
1844 963 1862 985 ,
1890 929 1999 994 quia
2023 928 2092 974 la-

1106 997 1276 1065 pidum
1291 1033 1307 1054 ,
1336 996 1418 1046 seu
1435 997 1694 1063 tophorum
1710 998 2058 1066 quamplurimi
2073 1004 2095 1055 ,'

1104 1065 1295 1117 rhombi
1332 1065 1517 1135 potius,
1547 1070 1690 1134 quam
1719 1068 1937 1135 quadrati
1973 1064 2093 1135 figu-

1106 1157 1210 1186 ram
1236 1135 1488 1187 ostendunt
1509 1157 1524 1196 ;
1554 1151 1609 1185 ut
1637 1138 1773 1187 vides
1799 1142 1848 1186 in
1881 1137 2092 1187 eaderm,

1106 1208 1231 1258 Tab.
1251 1212 1450 1259 XXVI.
1478 1208 1578 1275 Fig.
1602 1225 1647 1255 2.
1678 1211 1877 1271 Conjeci
1899 1222 2094 1277 propte-

1105 1283 1182 1330 rea
1201 1278 1528 1347 supradictum
1555 1296 1672 1345 opus
1692 1284 1917 1347 antiquum
1946 1284 2091 1328 incer-

1101 1368 1193 1400 tum
1209 1346 1298 1400 effe
1319 1387 1333 1400 ,
1360 1368 1412 1398 ac.
1430 1347 1793 1398 construcstionis
1823 1347 1951 1394 illius
1971 1358 2095 1393 tem-

1109 1433 1195 1482 pus
1223 1418 1450 1462 Romanae
1470 1413 1771 1483 Reipublicae
1797 1416 2095 1483 principium

1110 1484 1333 1533 redolere
1354 1522 1364 1531 .

1181 1556 1477 1623 Exemplum
1505 1554 1631 1604 haud
1654 1554 1871 1606 absimile
1900 1555 2100 1606 strmstu-

1108 1642 1169 1674 rae
1204 1627 1464 1676 reticulatae
1497 1626 1722 1676 adinveni
1753 1626 1912 1677 mense
1943 1628 2098 1679 Ocio-

1109 1694 1203 1744 bris
1228 1702 1373 1755 1689.
1405 1695 1517 1745 etim
1541 1699 1587 1740 in
1611 1696 1944 1743 Tulculanum
1970 1697 2098 1746 sece-

1107 1764 1219 1811 dens
1236 1769 1351 1810 aeris
1371 1763 1610 1807 liberioris
1630 1763 1877 1827 cupidine,
1892 1764 1943 1813 &
1961 1763 2098 1813 rusti-

1107 1832 1245 1881 candi
1264 1828 1416 1899 grati&
1433 1866 1449 1888 ‚
1468 1827 1765 1880 divertiffem
1785 1834 1913 1901 apud
1936 1853 2098 1883 meam

1105 1904 1295 1952 Villam
1319 1905 1362 1948 S.
1381 1898 1741 1963 Andreae,cujus
1761 1921 1873 1968 ager
1894 1902 1955 1951 fic
1976 1923 2097 1952 nun-

1105 1985 1309 2040 cupatur
1336 1973 1361 2018 a
1392 1969 1638 2036 Templo,
1675 1972 1804 2037 quod
1838 1971 1904 2019 ibi
1936 1976 2098 2022 olim-2

1105 2044 1269 2093 eidem
1296 2037 1532 2108 Apostolo
1561 2038 1657 2088 fuit
1694 2042 1909 2091 erestum
1929 2080 1940 2090 .
1980 2037 2097 2093 Non

1107 2114 1276 2183 procul
1296 2114 1456 2178 itaque
1481 2111 1538 2159 ab
1562 2110 1733 2161 eadem
1748 2115 1882 2163 Villa
1907 2118 1927 2172 (
1940 2130 2100 2183 puta.⁴

1106 2185 1166 2234 ad
1187 2184 1338 2233 ictum
1365 2180 1641 2230 bombardae
1666 2186 1889 2248 minoris)
1907 2187 1956 2233 in
1975 2189 2098 2235 emi-

1104 2255 1312 2305 nentiori
1335 2254 1443 2301 loeo
1463 2254 1707 2321 parietinae
1730 2253 1981 2311 visuntur,
2006 2259 2099 2324 qua

1104 2325 1310 2396 speciem
1336 2324 1633 2381 ambulacri,
1665 2327 1757 2391 qua
1785 2323 2020 2375 custodias
2049 2346 2096 2374 a-

1100 2414 1306 2466 quarum
1332 2391 1590 2444 referentes
1610 2430 1621 2440 .
1656 2397 1727 2442 At
1746 2398 1958 2445 exterior
1981 2395 2097 2446 aedi-

1102 2467 1196 2516 ficii
1222 2463 1364 2514 facies
1384 2465 1564 2514 constat
1586 2482 1643 2513 ex
1673 2463 1832 2524 filice,
1879 2486 1934 2516 ac
1951 2484 2096 2535 opere

1100 2557 1212 2588 certo
1248 2539 1502 2586 reticulato:
1537 2537 1738 2585 interior
1769 2537 1887 2586 vero
1921 2538 2096 2587 eodem

1107 2626 1249 2678 opere
1273 2606 1414 2655 filicis
1429 2643 1446 2665 ,
1477 2604 1557 2656 sed
1577 2610 1804 2656 reticulato
1822 2613 1982 2657 incerto
2002 2646 2011 2655 .

1175 2683 1347 2732 Certum
1366 2680 1641 2728 reticulatum
1667 2693 1766 2744 opus
1789 2679 1912 2726 illud
1933 2680 2097 2747 appel-

1107 2752 1153 2799 lo
1183 2787 1199 2809 ‚
1238 2752 1286 2797 in
1321 2767 1414 2816 quo
1451 2748 1630 2817 lapides
1667 2747 1717 2796 id
1751 2762 2097 2817 componentes

1106 2823 1172 2868 ita
1202 2820 1313 2869 seffi
1343 2819 1481 2877 sunt,
1520 2832 1574 2866 ut
1602 2817 1779 2886 prisma
1805 2820 2095 2888 quadratum

1105 2889 1341 2948 referant,
1370 2889 1582 2956 adeoque
1603 2890 1754 2952 jun&i
1784 2909 1952 2941 veram
1983 2891 2094 2938 retis

1105 2959 1285 3011 extensi
1300 2959 1508 3010 formam
1539 2959 1903 3021 demonstrent5
1931 2960 1990 3008 ad
2022 2959 2094 3006 di-

1104 3031 1309 3082 scrimen
1328 3032 1570 3080 reticulati
1597 3036 1785 3090 incerti,
1816 3029 1940 3097 quod
1962 3029 2096 3096 paul-

1106 3103 1156 3152 lo
1176 3117 1284 3153 ante
1308 3103 1552 3172 compingi
1574 3103 1716 3150 docui
1741 3119 1798 3150 ex
1818 3098 2058 3167 lapidibus
2074 3105 2096 3154 ,⁴

1104 3193 1311 3243 quorum
1332 3172 1538 3223 adversae
1559 3169 1716 3226 facies,
1735 3169 1813 3218 seu
1833 3166 1957 3217 bases
1979 3165 2093 3237 pris-

1107 3259 1323 3301 matum,
1362 3245 1440 3294 vel
1470 3245 1519 3290 in
1549 3238 1808 3288 rhombum
1836 3275 1852 3299 ,
1890 3240 1971 3288 vel
2001 3242 2090 3287 in.)

1538 3313 1563 3358 Ι
1602 3327 1627 3356 2
1931 3311 2094 3359 rhom-
