2425 3747
771 207 1275 260 CAPUT
1385 203 1556 256 XIX.

157 289 262 330 tam
294 278 381 331 effe
411 280 551 328 nimis
581 277 741 345 apert&
778 276 1096 347 dignoscimus
1120 315 1131 325 .

160 354 233 400 Ex
251 353 321 400 his
339 366 498 400 tamen
523 350 635 397 licet·
655 351 815 416 paucis
844 352 892 396 in
912 367 1131 416 comper-

161 435 212 469 to
241 420 335 480 est,
374 419 603 470 Hebraeos
636 432 743 466 tum
763 418 918 485 quoad
946 422 1131 487 magni-

2063 219 2158 260 167

1187 278 1289 326 lum
1320 277 1535 324 accurat&
1565 269 1863 341 descripserit·
1890 309 1900 319 .
1941 279 2043 323 Nec
2074 261 2162 327 mi.>

1187 366 1296 395 rum
1311 347 1438 413 quod
1459 346 1588 393 nulla
1605 359 1718 393 tunc
1738 339 1971 411 temporis*
1994 343 2158 398 formae

1188 414 1545 486 sumptuofioris
1593 413 1837 483 sepulchra
1874 415 2114 465 invenerit
2143 454 2162 477 ,

158 489 246 540 fica
262 528 278 548 ‚
313 494 362 542 &
380 488 676 557 sumptuosa,
700 502 803 536 tum
823 489 978 556 quoad
1003 492 1136 538 alim.
1190 486 1301 536 cum
1332 489 1451 535 olim
1480 489 1527 533 in
1546 487 1849 534 tumulorum
1874 499 2074 543 ornatu,
2109 489 2161 538 &

158 559 385 610 inferiora
419 573 765 618 monumenta,
803 559 860 608 ab
897 562 1133 628 AEgyptiis

150 643 377 680 ‘normam
396 627 574 680 duxisse
588 667 598 677 .
617 629 835 698 Superest
853 649 977 678 nunc
995 644 1047 678 ut
1063 633 1132 676 in-

155 700 402 758 stitutum,
435 720 486 750 ac
516 718 701 750 morem
729 700 937 750 eundem
955 699 1011 748 ab
1035 702 1127 748 illis

153 769 215 818 ad
234 774 449 829 Craecos,
486 786 710 838 tanquam
734 773 1051 820 conterminos
1078 773 1127 821 ἃ

154 844 470 908 proximiores
498 879 514 900 ,
553 842 828 891 derivatum
859 840 1129 903 ostendam3

151 910 240 959 sed
278 914 336 960 de
370 913 441 960 his
471 929 617 980 pauca
652 913 993 968 inveniuntur,
1030 930 1129 976 quae

150 979 514 1048 sepulchrorum
551 981 953 1051 magnificentiam
985 981 1129 1049 respi-

153 1054 281 1100 ciant
297 1089 307 1099 .
346 1050 591 1101 Pausanias
621 1055 668 1100 in
685 1059 854 1104 veteris
871 1053 1038 1102 Graeciae
1051 1053 1126 1100 de-

138 1123 294 1190 fi'ript.
318 1122 401 1170 lib.
426 1141 469 1170 2.
496 1120 557 1170 fic
578 1120 745 1172 refert:
774 1125 856 1174 Ad
869 1121 1128 1192 huncserm&

150 1194 317 1242 modum
329 1195 504 1262 filorum
530 1193 746 1243 cada-vera
771 1194 957 1241 condunt
976 1196 1124 1259 Sicyo-

147 1268 218 1312 nii
233 1286 244 1311 ε
271 1278 420 1329 corpus
435 1280 551 1312 terra
564 1279 790 1331 contegunt
804 1299 820 1320 ,
849 1263 1004 1312 deiude
1019 1267 1125 1329 lapi-

145 1334 226 1382 dea
241 1332 336 1400 bast'
351 1335 548 1384 extruHa
563 1336 777 1382 columnas
797 1338 970 1400 erigunt
988 1370 1002 1390 ‚
1029 1340 1124 1400 qui-

143 1404 220 1453 bus
235 1401 445 1473 filfligia
467 1440 484 1462 ‚
520 1405 606 1455 vel
637 1407 723 1460 (ut
756 1404 897 1455 Graeci
924 1415 1122 1468 vocant)

144 1476 312 1544 aquilas
328 1480 552 1541 imponunt
567 1475 708 1522 eadem
718 1476 998 1544 propespecie
1009 1511 1024 1532 ,
1041 1493 1120 1544 qua

130 1548 241 1614 siant
269 1549 516 1612 templorum
537 1548 726 1595 culmina
745 1583 755 1593 .
793 1548 855 1594 Et
879 1547 926 1593 in
954 1545 1036 1593 lib.
1066 1565 1117 1605 9.

142 1613 235 1664 fic:
275 1617 343 1665 At
364 1617 718 1674 Lacedemoniis,
746 1619 802 1666 (θ’
834 1617 1116 1686 Athenienst'-

137 1685 218 1735 bus
241 1705 286 1733 eo
307 1691 456 1751 praelio
470 1692 704 1753 peremptis
719 1720 735 1741 ,
754 1687 831 1752 siti
845 1690 1116 1754 separatior„

127 1758 240 1826 fimt
255 1761 445 1817 tumuli,
481 1762 536 1808 (J
563 1762 611 1806 in
630 1759 726 1806 illis
750 1757 951 1823 instripti
975 1758 1119 1806 Simo-

137 1828 266 1876 nidis
281 1828 410 1896 Elegi
423 1866 434 1876 .
466 1829 513 1877 A
531 1829 741 1876 communi
759 1829 836 1876 illo
856 1845 1119 1877 monumento

136 1912 224 1944 non
245 1896 422 1959 procul,
460 1912 536 1942 ara
553 1897 698 1943 dicata
714 1893 816 1960 ficit
843 1899 977 1964 <Jovi
990 1898 1120 1947 Eleu-

136 1967 279 2015 therio
292 1966 580 2032 :sepulchrum
597 1966 766 2033 quidem
785 1985 841 2015 ex
855 1967 1122 2036 aerefin‘i‘um,

138 2036 298 2104 Jovis
327 2050 402 2081 ara
432 2034 669 2103 &signum
697 2042 718 2084 ἑ
744 2037 925 2086 candido
942 2039 1086 2101 lapide
1107 2073 1120 2084 .

138 2103 291 2172 Apud
309 2103 514 2152 eundem
535 2106 764 2154 nonnulla
779 2107 869 2153 alia
887 2109 1120 2176 legimus,

137 2173 199 2222 ad
250 2171 565 2241 sepulchralia
613 2179 894 2224 Graecorum
943 2196 1118 2227 monu-

139 2258 301 2294 menta
331 2242 588 2312 speftantia
604 2283 621 2305 ,
649 2249 775 2294 inter
798 2264 899 2312 quae
929 2250 1122 2316 Hippo-

139 2317 255 2382 lytae
282 2312 616 2383 sepulchrum,
645 2318 931 2365 Amazonici
956 2319 1121 2387 clypei

139 2384 342 2453 figuram
357 2385 556 2436 habens:
585 2403 644 2435 en
664 2393 762 2449 ejus
785 2387 929 2436 verba
943 2406 1022 2435 nu.
1037 2408 1120 2453 40.

137 2457 359 2521 Sepultam
383 2464 490 2505 vero
519 2479 562 2507 eo
582 2477 658 2526 quo
687 2459 885 2507 diximus
910 2462 996 2508 loeo
1012 2495 1028 2516 ,
1066 2463 1120 2510 (9⁴

139 2533 229 2592 ejus
236 2528 348 2593 sane
366 2545 675 2578 monumentum
694 2530 954 2587 Amazonici
983 2531 1120 2596 clypei

125 2596 317 2667 firmam
331 2595 543 2665 praeseftrt
557 2635 568 2645 .
588 2597 764 2648 Rursus
781 2598 864 2647 lib.
884 2615 906 2657 3
919 2631 928 2645 ,-
947 2615 1026 2646 nu.
1036 2615 1057 2657 3
1072 2616 1115 2659 5.

137 2669 234 2716 haec
259 2667 493 2717 habentur
512 2690 523 2716 :
550 2668 842 2734 Efi'praeterea
857 2672 1018 2737 Sparte
1033 2673 1072 2721 C
1073 2691 1116 2717 o-

139 2742 312 2787 mitium
334 2776 350 2797 ,
389 2739 501 2806 quod
530 2741 710 2790 Varium
743 2757 986 2807 nuncupant
1012 2761 1026 2800 3
1063 2743 1117 2790 (Υ

130 2813 335 2878 proxima
372 2814 440 2859 ibi
473 2811 640 2860 heroica
679 2815 937 2860 monimenta
964 2812 1118 2863 Cadmi

137 2882 357 2948 Agenoris
372 2883 475 2951 filii
490 2915 506 2937 ‚
537 2884 590 2930 &¹
610 2881 755 2931 Oelici
773 2881 1116 2953 Theraefiliipo-

137 2953 352 3003 §brorum
384 2955 474 3002 &a
505 2952 576 2998 Ex
607 2953 778 3018 quibus
807 2953 922 3001 locis
957 2953 1115 3021 apert&

137 3023 325 3086 eruitur
352 3057 369 3079 ,
404 3018 676 3071 Pausaniam
717 3021 1112 3073 solertiffimum2

139 3094 404 3140 Graecanici
440 3093 639 3159 Imperii
670 3097 992 3162 Scriptorem,
1029 3095 1111 3142 hu-

138 3163 274 3210 milia
294 3161 554 3212 admodum
570 3198 585 3218 ‚
603 3181 653 3209 ac
673 3163 839 3230 parum
855 3164 999 3231 digna
1017 3183 1115 3214 me-

141 3245 332 3282 moratu
354 3231 597 3303 sepulchra
625 3231 849 3285 invenisse
869 3269 885 3293 ,
921 3248 977 3283 ut
1007 3236 1113 3285 nul-

1185 555 1302 606 sastu
1322 557 1441 605 adeo
1461 558 1612 605 Graeci
1634 555 1836 604 modum
1858 555 2161 617 excederent,

1182 643 1234 674 ut
1253 624 1489 676 effraenem
1518 626 1687 674 luxum
1712 624 1874 675 severa
1900 628 2006 694 lege
2032 628 2161 675 cohi-

1182 698 1289 747 bere
1330 692 1565 745 necessum
1599 696 1852 745 habuerint
1885 699 2157 746 Athenien-

1182 767 1270 816 ses.
1300 769 1408 830 Ejus
1425 767 1543 833 legis
1559 769 1784 813 meminit
1801 767 1958 816 Cicer.
1973 769 2067 836 leg.
2080 788 2098 816 1
2115 788 2158 818 1.

1183 837 1271 886 ibi:
1298 838 1387 887 Sed
1400 839 1505 903 pofc'
1534 837 1751 904 aliquanto
1771 851 1946 902 propter
1970 840 2048 887 has
2070 857 2160 887 am-

1173 911 1416 974 plitudines
1433 910 1751 975 sepulchrorum
1768 944 1782 965 ,
1819 925 1921 974 quas
1951 913 2000 956 in
2020 912 2058 960 C
2061 925 2159 959 era-

1182 986 1287 1029 mico
1324 980 1561 1035 videmus‚
1600 982 1689 1046 lege
1711 980 1930 1047 sancitum
1963 982 2033 1030 εἶτ’
2052 1014 2068 1035 ,
2106 988 2159 1031 ne

1166 1057 1275 1119 ‚quis
1287 1051 1557 1118 sepulchrum
1562 1048 1731 1116 faceret
1758 1051 1959 1120 opercfius
1979 1085 1994 1106 ‚
2033 1057 2157 1119 quam

1181 1123 1291 1190 quod
1303 1122 1440 1169 decem
1454 1122 1648 1169 homines
1665 1121 1881 1191 ffcerint
1897 1120 2067 1181 tridu03
2085 1142 2159 1171 ne-

1180 1198 1255 1262 que
1273 1192 1326 1240 id
1348 1205 1466 1256 opere
1486 1192 1660 1240 wilario
1692 1195 1923 1247 exornari,
1951 1209 2023 1238 nec
2044 1192 2160 1242 Her-

1177 1280 1266 1312 mas
1291 1263 1370 1310 has
1395 1277 1496 1329 quas
1514 1276 1678 1310 vocant
1696 1258 1853 1308 licebat
1877 1265 2042 1325 imponi
2063 1297 2073 1306 .

1249 1329 1378 1380 Cum
1397 1344 1560 1378 autem
1583 1331 1728 1379 totius
1745 1331 1937 1377 Graeciae
1957 1328 2162 1378 celeber·-

1179 1404 1302 1450 rima
1335 1396 1444 1450 esset
1471 1399 1582 1448 urbs
1616 1400 1919 1448 Athenarum
1942 1434 1958 1456 ‚
1995 1417 2050 1447 ea
2080 1400 2161 1448 lex

1176 1473 1286 1521 inde
1318 1488 1402 1538 per
1437 1467 1710 1519 universam
1746 1471 1983 1517 Graeciam
2022 1471 2159 1517 inva-

1170 1545 1295 1600 luit,
1331 1559 1417 1591 nec
1451 1542 1575 1590 ultra
1607 1538 1973 1608 sepulchrorum
2003 1537 2159 1607 splen-

1170 1614 1285 1664 dore
1300 1649 1317 1671 ‚
1338 1614 1388 1663 ὅ(
1407 1610 1729 1680 amplitudine
1749 1612 1797 1658 in
1817 1612 1872 1659 iis
1890 1611 2027 1659 terris
2046 1627 2158 1678 pec·

1172 1698 1334 1732 catum
1362 1680 1456 1730 est.
1486 1680 1728 1729 Caeterum
1749 1683 1796 1727 in
1818 1679 2056 1747 prioribus
2086 1693 2162 1727 tu-

1173 1754 1318 1802 mulis
1352 1747 1587 1818 quantum
1620 1767 1730 1797 cum
1758 1746 1974 1798 Hebraeis
2000 1750 2159 1798 Graeci

1172 1823 1491 1879 certaverint,
1507 1819 1620 1868 lice‘t
1638 1817 1700 1868 ob
1719 1819 1883 1868 oculos
1899 1820 2030 1867 nulla
2050 1836 2160 1887 pro-

1175 1910 1349 1966 ponere
1376 1901 1656 1959 argumenta
1684 1887 1751 1937 fas
1775 1886 1832 1937 fit
1849 1924 1865 1946 ,
1898 1888 2053 1956 ipsum
2075 1892 2159 1939 Se.

1174 1963 1307 2016 natus
1333 1960 1625 2012 Consultum
1646 1958 1914 2008 eorundem
1933 1958 2158 2007 modera-

1175 2040 1356 2086 tionem
1395 2030 1672 2099 praecipiens
1699 2064 1716 2087 ,
1753 2028 2018 2094 iisdemque
2054 2045 2161 2077 mo-

1174 2109 1293 2157 dum
1320 2105 1600 2170 imponens,
1629 2098 1814 2146 abunde
1834 2095 2127 2147 demonstrat
2143 2135 2156 2147 .

1246 2173 1455 2222 Romani
1485 2184 1646 2218 tamen
1669 2205 1685 2227 ,
1723 2166 1832 2216 cum
1863 2170 1995 2218 nulla
2029 2168 2158 2235 apud

1175 2265 1254 2296 eos
1285 2245 1362 2292 Iex
1388 2238 1532 2297 esset,
1565 2257 1667 2306 quae
1695 2236 2059 2305 sepulchrorum
2081 2256 2157 2286 or-

1176 2316 1310 2365 natui
1346 2310 1710 2366 adversaretur,
1746 2310 1896 2356 ritum
1923 2305 2157 2357 aedifican-¹

1174 2387 1225 2436 di
1258 2380 1507 2433 Mausolea
1533 2381 1580 2427 in
1605 2378 1792 2432 Urbem
1822 2379 2111 2428 invecsuun„
2130 2414 2148 2436 ,

1173 2455 1358 2524 egregie}
1387 2473 1440 2501 ac
1470 2447 1842 2520 splendidiffime*
1868 2450 2122 2497 coluerunt
2141 2485 2152 2496 .

1174 2525 1433 2577 Testantur
1449 2524 1539 2571 hoc
1564 2534 1638 2569 tot
1656 2519 1872 2568 miranda
1898 2517 2037 2588 ipsius
2059 2521 2154 2572 Ur-

1171 2598 1242 2646 bis
1265 2590 1575 2645 vetustissima
1598 2604 1911 2639 monumenta
1927 2625 1943 2648 ,
1969 2608 2021 2637 ac
2042 2608 2155 2657 prae⁴

1168 2669 1305 2736 cipue
1324 2661 1636 2713 clariflimum
1656 2661 1778 2710 illud
1794 2697 1811 2719 ,
1845 2663 1893 2710 &
1913 2660 2027 2708 ver&
2052 2678 2152 2708 ma-

1168 2736 1400 2808 gnificum
1424 2733 1682 2786 Ostaviani
1708 2729 1914 2800 Augusti
1935 2732 1983 2778 in
2004 2732 2152 2778 Cam-

1168 2828 1230 2878 po
1248 2807 1429 2856 Martio
1442 2842 1458 2863 ‚
1485 2806 1542 2854 de
1560 2820 1654 2869 quo
1673 2799 1735 2849 fic
1753 2803 1802 2850 in
1822 2798 2035 2864 ejusdem
2058 2804 2153 2849 Im-

1170 2878 1401 2951 peratoris
1420 2877 1521 2924 vita
1541 2873 1794 2922 Svetonius
1810 2872 2072 2940 :Reliquias
2092 2874 2149 2919 le-

1161 2947 1320 3019 gerunt
1336 2951 1551 3014 primores
1582 2944 1793 3013 equeiflris
1826 2944 1992 2991 ordinis
2024 2945 2147 2990 euni-

1168 3027 1256 3070 cati
1279 3029 1333 3070 ΕΤ
1363 3017 1570 3087 distinffi
1581 3051 1596 3073 ,
1621 3014 1882 3084 pedibusque
1906 3013 2067 3066 nudis,
2099 3027 2146 3057 ae

1165 3097 1213 3141 in
1234 3091 1455 3158 Mausoleo
1475 3087 1756 3138 condiderunt
1774 3121 1785 3131 .
1825 3084 1883 3135 Id
1906 3097 2002 3146 opus
2029 3085 2145 3129 inter

1170 3165 1433 3214 Flaminiam
1449 3166 1576 3210 ‘viam
1586 3194 1602 3215 ,
1617 3163 1832 3223 ripamque
1848 3150 2141 3217 Tyberissex-

1167 3250 1210 3285 to
1214 3234 1295 3305 fiio
1309 3234 1523 3302 consulatu
1540 3241 1791 3279 extruxerat
1802 3260 1818 3282 ‚
1834 3221 2143 3289 circztmjeHasss

2067 3310 2144 3358 que
