2425 3747
541 1106 662 1141 rum
704 1087 986 1140 utilitatem
1024 1084 1377 1157 promovendi
1406 1098 1625 1155 paterna
1660 1083 1967 1146 solicitudo,
2007 1105 2065 1144 ut
2095 1095 2161 1144 ab

182 1213 193 1220 Ι
305 1211 328 1235 3,
487 1167 489 1171 ’
539 1165 750 1235 exiguis
784 1163 918 1236 saepe
951 1166 1262 1236 corporibus
1288 1161 1730 1217 foecundissimam
1755 1179 1905 1218 eruat
1930 1202 1945 1222 ,
1986 1168 2170 1220 tradu-

256 1258 260 1265 “
299 1239 363 1305 ji*-
402 1262 414 1297 ῑ
485 1300 488 1323 3
539 1257 730 1317 eatque
767 1240 1150 1296 beneficiorum
1183 1244 1566 1314 propaginem.
1608 1243 1883 1310 Ingentem
1911 1244 2168 1297 arborum

147 1387 150 1389 Α
280 1324 374 1342 ’Μ
418 1328 423 1339 “
539 1322 737 1376 molem
772 1359 789 1382 ‚
838 1322 1038 1390 exiguo
1101 1319 1292 1374 semine
1331 1317 1578 1373 inclusam
1619 1357 1634 1379 ,
1690 1319 1757 1371 ad
1799 1318 2165 1374 fruciumitm,

147 1401 463 1471 componit,
506 1415 566 1454 ut
606 1401 852 1472 apprime
893 1400 1162 1454 tenuitatis
1195 1395 1449 1451 studiosus
1490 1399 1639 1450 Deus
1682 1397 1850 1450 videri
1887 1398 2070 1469 possit,
2113 1401 2168 1451 &

147 1478 409 1532 ubertatis
431 1477 882 1549 magnificentiam
906 1517 920 1537 ,
940 1478 1213 1533 coarclata
1234 1478 1381 1548 prius
1404 1477 1670 1545 largitate,
1692 1478 1953 1544 majorem
1975 1475 2161 1532 faciat.

144 1551 459 1612 Suaviffimssi
479 1555 667 1614 eadem
704 1556 820 1625 lege
865 1554 1164 1610 universam
1204 1554 1600 1627 propemodum
1631 1556 1762 1608 vitae
1787 1553 1973 1607 nostrae
2005 1555 2168 1609 ratio‹

143 1649 267 1690 nem
292 1635 571 1690 concinnat
596 1677 607 1689 .
648 1635 837 1696 Unde,
880 1633 917 1688 fi
951 1633 1127 1689 sedula
1160 1631 1552 1688 animadversio
1591 1632 1664 1686 ita
1688 1645 1902 1703 paratos
1937 1631 2006 1687 ad
2041 1635 2170 1686 reci-

144 1709 401 1783 piendum
425 1729 518 1766 nos
541 1712 782 1767 redderet
805 1751 820 1772 ,
863 1728 922 1766 ut
948 1714 1096 1765 Deus
1121 1710 1224 1782 ipse
1251 1710 1317 1765 ad
1340 1709 1647 1765 donandum
1678 1709 1844 1763 facilis
1883 1709 1952 1763 est
1969 1747 1983 1768 ,
2028 1710 2165 1763 nihil

145 1801 261 1843 tam
283 1788 487 1844 humile
511 1828 527 1850 ,
548 1791 680 1843 nihil
706 1806 819 1844 tam
849 1791 990 1844 exile
1011 1790 1159 1842 nobis
1181 1802 1485 1842 occurreret
1508 1825 1523 1845 ,
1546 1805 1576 1840 a
1615 1803 1722 1860 quo
1747 1789 1965 1840 uberem
1998 1785 2160 1856 profi-

143 1864 317 1920 ciendi
341 1868 552 1937 copiam
574 1869 759 1923 elicere
779 1886 880 1922 non
905 1868 1168 1939 possemus
1194 1908 1205 1918 .
1245 1864 1389 1937 Qid
1424 1867 1586 1918 verbo
1628 1866 1832 1918 tenuius
1857 1903 1871 1922 ‚
1916 1865 2048 1938 quid
2089 1865 2166 1918 fu-

147 1945 334 2015 gacius
378 1945 558 2000 videri
592 1946 755 2018 potest
791 1950 806 1999 ?
865 1948 943 2000 At
975 1948 1075 1999 hoc
1108 1944 1296 2016 saepius
1332 1939 1622 1996 inconsulto
1661 1943 1795 1995 inter
1828 1941 2163 2014 loquendum

149 2020 424 2093 elapsum,
465 2022 503 2077 fi
542 2023 993 2080 animadversione
1032 2024 1358 2077 Auditorum
1399 2021 1603 2075 cultum
1645 2021 1809 2073 veluti
1842 2058 1857 2078 ,
1901 2037 1962 2072 ac
2007 2022 2169 2072 nutri-

148 2113 396 2153 mentum
431 2101 792 2161 nanciscatur,
837 2103 971 2156 adeo
1008 2100 1317 2155 foecundum
1356 2097 1425 2152 est
1455 2099 1843 2171 excipientibus
1877 2136 1891 2156 ,
1935 2113 1993 2152 ut
2033 2100 2163 2153 vitae
2220 2104 2223 2106 “

149 2178 314 2231 totius
351 2178 546 2233 rectius
582 2179 903 2236 instituendae
925 2221 941 2243 ‚
987 2178 1442 2252 adipiscendaeque
1482 2194 1696 2231 aeternae
1721 2174 1896 2232 salutis
1930 2177 2165 2249 aliquan-

150 2253 220 2308 do
251 2255 576 2326 principium
600 2254 693 2318 fit,
721 2257 775 2308 ὅ(
806 2258 1150 2313 τῃειηυάυέὶίο
1175 2299 1186 2310 .
1228 2255 1410 2310 Simile
1438 2254 1718 2329 quidpiam
1756 2256 2168 2308 incitamentum

150 2331 398 2388 sortitum
419 2334 520 2387 hoc
549 2336 702 2406 Opus
727 2332 825 2387 fuit
842 2373 858 2398 ‚
896 2336 1041 2408 quod
1062 2335 1293 2406 apertius
1313 2334 1568 2405 expedire
1602 2350 1705 2385 non
1734 2335 1820 2400 jus
1846 2330 2011 2384 modo
2046 2330 2164 2384 scri-

150 2411 322 2466 bentis
344 2413 578 2466 arbitror
599 2411 695 2466 esse
716 2451 731 2471 ,
774 2411 859 2465 sed
881 2413 934 2465 &
961 2413 1336 2465 necessitatem.
1379 2411 1522 2465 Cum
1549 2410 1687 2462 enim
1718 2409 2026 2462 Austorum
2049 2425 2165 2461 mos

151 2489 216 2544 fit
236 2491 411 2561 operis
434 2489 511 2544 sui
545 2489 877 2562 propositum
902 2529 916 2549 ,
951 2489 1255 2542 divisionem
1274 2526 1291 2548 ,
1328 2489 1382 2540 &
1403 2487 1856 2558 compendiariam
1878 2487 2169 2555 imaginem

151 2566 458 2641 praeseferre
485 2569 797 2623 Lecsloribus
823 2606 837 2628 ,
858 2569 1132 2640 piaculum
1146 2567 1282 2621 forte
1305 2579 1644 2637 reputaretur
1663 2603 1678 2623 ,
1712 2564 1802 2617 nisi
1822 2566 2015 2636 Operis
2031 2566 2169 2634 prin-

153 2647 353 2718 cipium
385 2684 400 2705 ,
442 2647 773 2720 progressum
800 2686 814 2706 ,
837 2664 900 2700 ac
924 2645 1086 2700 finem
1115 2661 1469 2716 exponerem.
1511 2644 1711 2714 Accipe
1743 2644 1906 2711 igitur
1927 2679 1943 2700 ,
1973 2641 2169 2695 Lec'tor

153 2723 409 2783 candide,
451 2742 573 2799 quae
610 2726 738 2778 olim
762 2744 847 2779 me
877 2723 945 2778 ad
979 2727 1093 2779 haec
1115 2740 1270 2797 ,quae
1301 2734 1691 2795 proponuntur,
1716 2718 1985 2775 scribenda
2021 2719 2167 2773 exci-

154 2815 337 2858 tavere
360 2840 375 2861 ,
417 2805 824 2877 excitatumque
849 2803 1199 2874 impulerunt.

232 2879 471 2953 Qidam
502 2899 694 2951 genere
715 2921 730 2942 ,
773 2882 1057 2951 &ingenio
1095 2879 1397 2953 praenobilis
1432 2879 1537 2931 Vir
1558 2915 1572 2935 ,
1613 2878 1759 2946 cujus
1780 2893 1969 2930 nomen
1994 2873 2163 2945 aequis

157 2956 224 3012 de
245 2958 409 3013 causis
432 2960 757 3014 reticendum
779 2960 914 3013 duco
932 2998 946 3020 ,
989 2960 1153 3015 animi
1180 2997 1195 3017 ,
1218 2971 1276 3010 ut
1294 2955 1357 3010 fit
1380 2995 1395 3016 ,
1430 2954 1641 3008 levandi
1665 2951 1823 3009 causei
1838 2994 1852 3014 ,
1881 2949 2162 3023 moresque

157 3037 212 3088 ὅ(
234 3035 335 3091 alia
357 3037 410 3090 id
434 3040 642 3107 generis
663 3036 957 3095 addiscendi
979 3077 994 3097 ,
1020 3054 1142 3111 quae
1164 3036 1305 3108 apud
1326 3035 1558 3089 Exteros
1578 3032 1674 3087 effe
1695 3035 1744 3086 in
1774 3032 1943 3104 pretio
1962 3028 2123 3082 solent
2144 3058 2171 3087 ,ὴ

156 3112 368 3170 Italiam
384 3134 675 3188 peragrans
697 3156 711 3177 ‚
753 3119 992 3173 Romam
1010 3113 1208 3172 accessit
1228 3152 1245 3175 ,
1288 3115 1377 3169 ubi
1417 3126 1475 3167 ut
1515 3112 1809 3168 accuratius
1833 3104 2070 3236 univsirsa
2088 3106 2161 3158 lu·

1995 3197 2161 3245 raret,
