2425 3747
311 300 389 349 riae
411 311 688 367 nuncupatae
706 301 834 350 Scala
851 298 1035 354 Coeli,ad
1052 295 1160 345 Tres
1177 298 1288 347 Fon-

309 385 403 428 tes,
432 368 651 418 Tribuna
673 370 738 418 est
767 369 998 435 Scipionis
1019 367 1288 417 Provenza-

309 438 366 489 lis
393 437 647 490 Mufivarii
668 475 678 485 .
705 443 762 488 In-
782 434 987 485 Ecclesia
1009 439 1052 484 S.
1075 437 1283 488 Lauren-

307 513 365 559 tii
391 513 525 560 extra
555 510 760 564 moenia,
792 512 959 574 Imago
978 507 1245 557 Rondinini
1267 545 1283 567 ,

308 597 425 649 opus
442 577 633 630 Caesaris
647 579 828 627 Vacchi
842 613 859 635 ‚
875 576 1182 648 discipuliJo:
1200 583 1284 627 Ba-

308 651 457 721 ptistae
487 646 765 697 Calandrae.
806 652 924 697 Sunt
957 650 1008 698 δε
1040 650 1133 696 alia
1163 668 1282 699 non-

307 721 437 770 nulla
452 715 715 767 vetustiora
729 754 745 777 ,
772 720 1006 767 nimirum
1026 716 1168 769 facies
1192 723 1281 768 Ba-

306 789 446 840 filicae
473 791 516 837 S.
547 789 680 836 Pauli
712 804 847 839 extra
883 790 1104 843 Urbem:
1141 789 1283 840 Abfis

307 857 515 908 Bafilicae
546 859 830 920 Theodori,
854 861 905 910 ὃς
936 862 1055 918 alia,
1087 860 1147 910 de
1176 863 1283 929 qui-

307 930 394 978 bus
412 928 495 978 suo
515 929 621 979 loco
642 965 652 976 .

378 999 555 1049 Tertiae
573 998 773 1068 speciei,
788 1000 887 1050 five
903 1006 1080 1052 minimi
1096 1000 1287 1051 Musea-

304 1075 353 1120 ci
378 1071 669 1138 exemplaria
695 1069 804 1119 sunt
832 1073 879 1118 in
902 1076 1137 1123 Vaticana
1160 1071 1284 1121 Basi-

310 1144 427 1201 lica,
455 1159 629 1209 nempe
649 1143 818 1190 Altare
842 1160 953 1192 cum
983 1145 1144 1194 tabula
1173 1145 1288 1192 Mu·

307 1210 407 1261 fiva
420 1247 437 1270 ,
461 1214 510 1259 in
525 1230 615 1279 qua
631 1211 884 1262 exhibetur
906 1216 948 1262 S.
965 1215 1178 1265 Michael
1196 1217 1289 1262 Ar-

307 1283 554 1351 cangelus.
594 1285 755 1348 Hujus
783 1282 1009 1344 Artifex,
1046 1286 1147 1335 five
1169 1288 1286 1334 Mu-

304 1350 505 1401 'fivarius
523 1350 616 1401 fuit
637 1351 1290 1427 supramemoratusJoannes

307 1422 516 1490 Baptista
546 1424 784 1473 Calandra
806 1462 824 1483 ‚
855 1428 930 1475 cui
958 1445 1043 1494 pro
1072 1426 1290 1494 quolibet

301 1496 469 1562 palmo
495 1493 725 1560 quadrato
744 1531 761 1553 ‚
789 1497 836 1542 in
867 1496 1099 1566 ingeniosi
1119 1497 1295 1547 laboris

304 1564 558 1632 praemium
573 1562 723 1614 soluta
738 1564 872 1616 fuiffe
889 1570 1168 1634 quindecim
1186 1567 1290 1617 scu·

303 1646 357 1682 ta
370 1628 497 1681 fama
517 1632 610 1691 est,
627 1638 837 1702 exceptis
852 1638 1073 1688 encausto
1086 1676 1102 1697 ,
1120 1642 1170 1690 &
1188 1641 1293 1686 aliis

298 1705 545 1749 caementis
561 1737 573 1742 -
592 1707 648 1746 In
669 1705 875 1747 Ecclesia
903 1711 947 1743 9-
962 1712 1130 1745 Mari-v
1151 1708 1290 1765 snper

300 1770 586 1820 Minervam
600 1769 769 1833 Imago
797 1783 908 1814 cum
932 1765 1115 1834 duplici
1147 1765 1289 1815 stem-

303 1852 437 1888 mate
457 1836 717 1889 Ostaviani
739 1835 987 1888 Ubaldini.
1004 1842 1061 1887 In
1080 1836 1288 1886 Ecclesia

301 1912 353 1959 S.
372 1909 525 1959 Clarae
548 1911 716 1974 Imago
746 1908 891 1953 Marii
913 1909 1053 1955 Bovii
1076 1942 1092 1962 ,
1124 1909 1289 1955 omnia

303 1977 559 2029 Calandrae
582 1974 796 2038 ejusdcm
824 1993 966 2042 opera
987 2013 997 2023 .
1029 1982 1083 2026 In
1104 1978 1287 2025 Palatio

306 2043 636 2097 Excellentiss.
666 2046 899 2113 Principis
932 2045 1173 2115 Burgbefii
1207 2066 1287 2096 ex-

307 2131 380 2166 tat
395 2133 539 2185 opere
554 2113 869 2165 minutissimo
886 2121 1055 2185 Imago
1073 2118 1206 2165 Pauli
1220 2122 1284 2168 V.

303 2188 497 2237 Summi
523 2184 794 2244 Pontificis,
822 2189 1071 2236 continens
1094 2188 1285 2256 lapillo-

303 2275 417 2308 rum
435 2256 590 2305 decies
618 2259 668 2306 ὅτ.
688 2253 856 2324 septies
884 2271 1079 2307 centena
1098 2260 1252 2308 millia
1273 2295 1285 2307 .

308 2325 522 2378 Artificii
561 2325 774 2389 ejusdem
817 2326 924 2375 sunt
964 2328 1148 2378 ibidem
1186 2331 1286 2379 aliae

306 2399 413 2447 duae
448 2395 648 2455 tabulas,
680 2415 883 2464 quarum
913 2416 1004 2446 una
1031 2401 1288 2467 Orpheum

309 2464 454 2518 refert
473 2467 757 2516 animalibus
772 2471 914 2517 variae
933 2468 1102 2536 speciei
1121 2489 1286 2537 quam-

310 2539 530 2608 plurimis
545 2535 862 2606 constipatum
880 2560 891 2586 :
914 2541 1061 2588 altera
1078 2543 1195 2589 vero
1217 2543 1288 2590 lo·

307 2628 366 2656 ca
386 2607 694 2676 campestria,
720 2610 770 2658 &
795 2609 1014 2671 arbores;
1041 2612 1088 2657 in
1115 2610 1287 2677 quibus

311 2677 532 2727 omnibus
558 2681 707 2745 Eques
735 2681 996 2729 Marcellus
1018 2681 1284 2731 Provenza·

310 2750 368 2797 lis
390 2746 634 2797 insudavit
652 2784 662 2795 .

382 2818 557 2867 Allatis
585 2821 767 2868 notitiis
795 2837 889 2868 non
922 2821 1283 2890 incongruum„

309 2888 507 2937 videtur
521 2887 695 2937 addere
714 2893 924 2956 pretium
947 2891 1138 2950 laboris,
1156 2893 1285 2959 quod

311 2960 475 3027 primis
508 2959 556 3005 in
583 2975 709 3006 nova
736 2958 928 3008 Basilica
954 2965 1190 3012 Vaticana
1215 2966 1284 3011 la-

309 3027 586 3078 borantibus
613 3025 890 3078 Mufivariis
921 3029 1132 3081 solutum
1160 3030 1281 3081 fuit.

308 3102 533 3167 Quattuor
546 3100 693 3166 igitur
710 3095 838 3147 scuta
854 3117 940 3167 pro
956 3102 1173 3167 quolibet
1186 3106 1284 3171 pal-

309 3188 391 3218 mo
418 3168 648 3235 quadrato
674 3170 880 3219 retulere
900 3205 915 3227 ,
954 3174 1033 3237 qui
1065 3175 1282 3239 primum

311 3241 363 3289 in
385 3257 437 3290 ea
467 3237 745 3299 Mufivum,
770 3240 887 3291 idest
906 3243 1176 3311 Imaginem
1197 3244 1282 3294 Pa-

711 224 1139 282 VETERA
1214 225 1916 280 MONIMENTA

1344 300 1425 345 tris
1453 300 1630 348 AEterni
1664 302 1712 347 in
1739 302 2156 352 concameratione
2181 308 2321 372 parvi

1341 368 1460 416 tholi
1477 404 1494 426 ‚
1517 372 1568 420 ὃ(
1587 372 1635 418 in
1657 370 1843 420 summa
1862 369 2133 439 peripheria
2158 379 2321 443 magni

1339 439 1459 487 tholi
1477 440 1666 499 literas,
1699 459 1883 491 necnon
1919 440 2072 490 stellas
2093 441 2237 511 usque
2257 446 2320 495 ad

1338 513 1505 558 Icones
1527 510 1875 579 Apostolorum
1904 513 2063 561 moliti
2091 510 2288 563 fuerunt
2305 552 2319 563 .

1339 580 1553 647 Vulgata
1573 600 1655 649 per
1674 583 1867 631 Italiam
1881 620 1897 641 ,
1924 584 1975 633 &
1997 585 2240 652 Europam
2255 582 2323 633 fa·-

1335 649 1415 698 ma
1439 663 1539 697 tam
1568 653 1687 721 largi
1708 655 1888 720 pretii,
1921 655 1971 703 &
2001 656 2149 722 copiae
2171 653 2324 703 Musi-

1335 723 1387 769 vi
1414 723 1601 788 operis,
1631 722 1760 789 quod
1790 722 1908 770 inibi
1929 722 2323 783 construebatur,

1337 793 1639 859 quamplures
1667 790 1988 851 Mufivari0s‚
2019 797 2239 845 Veneriis
2268 794 2325 845 εὲὶ

1341 861 1617 930 tempestate
1642 862 1866 932 degentes
1885 898 1901 920 ,
1940 866 2152 913 Romam
2181 885 2327 915 voca-

1340 934 1432 990 vit,
1447 934 1763 1001 incitavitque
1779 970 1789 981 .
1813 932 2149 1001 Qamobrem
2165 937 2325 995 austO,

1340 1017 1480 1070 atque
1500 1006 1549 1051 in
1569 1003 1668 1053 dies
1688 1001 1924 1053 crescente
1937 1023 2140 1054 numero
2154 1006 2326 1055 Artifi-

1340 1092 1452 1122 cum
1467 1110 1483 1132 ,
1502 1073 1775 1123 decrescere
1795 1076 2046 1142 praemium
2067 1077 2219 1144 coepit
2233 1113 2249 1135 ‚
2274 1079 2325 1128 &-

1341 1144 1401 1193 ad
1414 1146 1557 1208 julios
1575 1146 1749 1214 viginti
1768 1146 1995 1212 quinque,
2012 1145 2129 1195 idest
2147 1147 2206 1195 ad
2224 1146 2327 1195 scu-

1341 1229 1390 1263 ta
1407 1215 1504 1265 duo
1533 1234 1644 1265 cum
1664 1214 1898 1272 dimidio,
1931 1215 2182 1265 redactum
2201 1213 2295 1265 fuit
2313 1252 2326 1263 .

1345 1284 1614 1335 Noviffima
1632 1300 1794 1336 autem
1810 1285 1968 1335 denuo
1988 1288 2324 1345 imminutum,

1345 1356 1424 1406 sex
1451 1375 1536 1425 pro
1564 1355 1784 1425 quolibet
1816 1357 1980 1426 palmo
2010 1358 2156 1420 julios
2188 1375 2324 1407 non-³

1348 1428 1540 1478 excedit
1557 1463 1570 1477 .

1540 1569 1919 1624 CAPUT
1991 1574 2138 1621 XII.

1343 1707 1481 1773 Qid
1504 1715 1746 1767 requiratur
1774 1712 1836 1751 ad
1854 1710 2042 1769 Mustela}
2066 1715 2204 1770 operis
2222 1713 2323 1773 pnl-

1476 1771 1767 1820 chritudinem
1782 1807 1800 1830 ,
1828 1774 1883 1822 &¹
1900 1775 2159 1841 elegantiam
2174 1815 2186 1826 .

1463 1913 1716 1969 IeTURAM,
1731 1908 2047 1960 &Mufivum
2068 1917 2229 1982 Opera
2246 1932 2325 1981 pe-

1477 1982 1534 2028 ne
1550 1998 1778 2049 germana
1811 1976 1899 2029 esse
1926 1981 2131 2041 dixeris,
2165 1985 2325 2033 duna.)

1341 2048 1588 2117 utriusque
1607 2068 1778 2099 munus
1797 2052 2094 2118 praecipuum
2114 2052 2180 2103 est
2207 2072 2323 2102 ocu-

1340 2124 1399 2172 lis
1430 2123 1682 2170 hominum
1712 2118 1845 2169 varia
1874 2123 2323 2190 pulcherrimaque„

1339 2194 1561 2243 colorum
1592 2189 1725 2242 scena
1759 2189 2002 2250 blandiri,
2034 2194 2085 2243 ἃ
2120 2212 2172 2243 ea
2203 2192 2325 2243 belle}

1340 2261 1698 2333 repraesentare,
1728 2279 1829 2328 quae
1853 2262 1930 2309 vel
1964 2262 2159 2313 intimos
2175 2265 2326 2311 animi

1341 2334 1485 2384 nostri
1507 2331 1660 2382 sensus
1678 2334 1949 2400 exprimere
1969 2368 1985 2389 ,
2016 2335 2097 2382 vel
2117 2331 2324 2383 diutissi-

1341 2404 1418 2454 ma
1441 2405 1567 2473 apud
1584 2400 1792 2452 Posteros
1815 2401 1956 2450 laude
1971 2438 1988 2460 ,
2018 2422 2070 2452 ac
2090 2402 2326 2454 memoria

1342 2476 1485 2544 digna
1514 2471 1752 2524 censemus
1768 2508 1778 2519 .
1812 2473 2123 2541 Qapropter
2143 2472 2179 2523 fi
2198 2476 2326 2523 inter

1342 2550 1453 2595 artis
1483 2545 1711 2593 miracula
1732 2542 1920 2591 Pictura
1951 2562 2182 2613 magnum
2213 2561 2324 2612 pro-

1339 2617 1526 2686 digium
1544 2612 1742 2663 habetur
1758 2649 1776 2671 ,
1795 2612 1916 2662 dum
1933 2612 1986 2663 ea
2003 2629 2224 2662 naturam
2242 2615 2326 2662 vel

1338 2686 1645 2741 aemulamur,
1670 2685 1749 2734 vel
1773 2685 2045 2745 vincimus3
2074 2702 2156 2751 par
2186 2684 2322 2752 operi

1337 2753 1532 2807 Mufivo
1557 2756 1710 2823 gloria
1738 2753 1976 2811 debetur,
2009 2753 2108 2801 im&
2135 2756 2186 2804 &
2218 2772 2319 2801 ma-

1334 2833 1434 2891 jor,
1459 2824 1569 2873 cum
1594 2827 1789 2893 gravior
1817 2826 1866 2871 in
1899 2842 1956 2873 eo
1985 2823 2120 2872 labor
2149 2823 2238 2882 fit,
2269 2842 2323 2871 ac

1337 2893 1594 2945 difficultas
1620 2895 1883 2944 vincenda.
1918 2895 2115 2962 Qlippe
2142 2895 2225 2942 illa
2252 2891 2322 2940 fa-

1337 2967 1417 3015 cili
1437 2967 1655 3015 colorum
1680 2966 1827 3015 ductu
1841 3002 1858 3024 ‚
1886 2963 2251 3031 tenuiffimsslque
2271 2965 2322 3013 &-

1336 3035 1585 3085 umbratili
1605 3035 1851 3104 superficie
1868 3034 2048 3084 constat
2060 3058 2074 3096 3
2093 3034 2217 3083 istud
2237 3051 2321 3083 ve-

1334 3108 1388 3155 ῐό
1415 3105 1553 3155 altius
1582 3121 1799 3174 penetrat
1817 3143 1833 3165 ,
1859 3108 1909 3157 &
1936 3123 2076 3154 muro
2104 3107 2319 3174 pertina-

1333 3175 1431 3226 cius
1462 3179 1690 3226 inhaerens
1712 3215 1728 3236 ,
1764 3179 1940 3245 aequale
1966 3194 2080 3224 cum
2112 3175 2321 3224 molibus

1343 3247 1685 3317 augustioribus
1721 3245 1875 3298 fatum
1909 3247 2103 3296 sortitur
2135 3283 2144 3294 .
2185 3247 2320 3322 Hinc

2227 3329 2319 3363 aevi
