2425 3747
1866 258 1962 293 XXI

98 337 154 368 ex
175 333 270 366 uno
292 314 349 363 ad
368 317 572 365 alterum
592 315 873 381 properans,
900 310 951 361 &
965 309 1093 377 quasi
1109 308 1363 369 advolans,
1381 310 1446 358 ita
1460 325 1578 359 unus
1596 309 1819 358 omnibus
1835 308 1965 360 suffi-

97 387 253 436 ciebat
269 422 284 444 ,
305 399 358 433 ut
377 385 554 447 semper
568 385 627 432 ad
645 380 934 450 exploranda
951 382 1124 430 veteris
1143 384 1310 431 Romae
1328 381 1543 448 vestigia,
1563 381 1613 431 &
1633 379 1805 431 rudera
1821 416 1838 438 ‚
1857 399 1961 448 quae

98 460 145 505 in
161 459 284 525 agris
312 458 454 504 etiam
478 455 754 522 propinquis
770 446 1152 508 effodiebantur,
1185 453 1540 520 aliquantulum
1559 453 1676 508 otii,
1696 454 1747 502 &
1773 464 1964 520 tempo-

97 530 161 576 ris
176 531 437 578 lucraretur
458 560 471 569 .

241 596 395 644 Tanta
413 595 633 643 sedulitas
651 591 852 642 fortunae
883 592 1119 640 invidiam
1145 588 1371 642 offendit:
1390 610 1500 638 nam
1523 589 1782 659 progressus
1813 610 1960 658 quan-

97 667 250 734 doque
266 680 400 715 extra
421 667 610 713 Portam
631 663 780 717 Urbis
794 665 937 720 (olim
956 662 1183 719 Naeviam,
1200 665 1249 713 δε
1262 663 1590 719 Praenestinam,
1608 664 1657 712 δε
1676 663 1961 723 Labicanam,

95 755 222 787 nunc
259 736 376 785 vero
401 735 662 802 Majorem)
698 748 751 782 ut
778 733 1081 782 subterranea
1110 733 1355 800 Sepulchri
1385 735 1570 798 antiqui
1597 732 1965 801 introspiceret3

96 809 215 858 dum
249 825 332 875 per
358 805 464 854 satis
483 804 738 854 obscurum
772 806 1016 852 tramitem
1038 802 1186 852 socios
1204 804 1366 871 praeit,
1397 801 1622 871 ambiguo
1641 803 1866 871 deceptus
1888 807 1962 853 lu-

98 880 248 935 mine,
267 880 316 924 in
332 873 521 926 foveam
543 894 637 925 non
650 876 828 943 exiguae
849 871 1184 943 profunditatis
1198 875 1255 923 ad
1271 871 1505 921 infernum
1520 875 1745 923 conclave
1762 892 1965 944 praeceps

98 949 340 998 delabitur
354 981 371 1005 ,
397 946 522 998 unde
540 964 626 995 nec
646 947 800 994 statim
819 982 835 1004 ‚
852 963 937 994 nec
964 941 1058 992 fine
1076 962 1252 1013 magno
1271 958 1443 990 conatu
1471 958 1720 1011 exemptus
1734 981 1749 1002 ‚
1766 942 1857 993 offe
1890 959 1962 993 ta-

98 1037 212 1069 men
243 1016 410 1066 finistri
429 1019 574 1066 cruris
595 1013 793 1065 infracsto
808 1051 824 1073 ,
855 1014 1037 1082 septem
1057 1011 1192 1083 supra
1212 1015 1405 1080 triginta
1424 1012 1589 1061 diebus
1603 1050 1618 1072 ,
1641 1016 1849 1063 medicas
1867 1034 1964 1064 ma-

101 1109 214 1148 nus,
229 1089 279 1138 &
307 1088 415 1136 lecti
443 1085 669 1156 angustias
686 1083 894 1153 perferre
914 1082 1082 1132 debuit
1105 1122 1115 1131 .

238 1157 476 1223 Qamvis
494 1171 648 1206 autem
671 1154 964 1223 aegritudinis
985 1169 1202 1223 ten-:pore
1220 1150 1430 1202 universi
1446 1154 1690 1203 literarum
1710 1155 1936 1203 Cultores
1949 1190 1965 1212 ,

102 1232 154 1281 &
185 1230 490 1295 quamplures
507 1228 742 1294 Principes
763 1227 873 1275 Viri
900 1226 1060 1282 (inter
1085 1243 1203 1291 quos
1225 1221 1499 1291 ampliffimi
1520 1223 1796 1274 Cardinales
1815 1228 1959 1274 Caro·-

100 1303 175 1350 lus
198 1301 304 1347 Pius
321 1337 337 1358 ,
360 1302 563 1366 Joannes
582 1299 738 1355 Bona,
758 1298 808 1347 &
837 1297 1123 1346 Vincentius
1141 1296 1298 1345 Maria
1323 1291 1520 1347 Urfinus
1538 1331 1553 1352 ,
1572 1295 1742 1344 deinde
1761 1295 1965 1344 Benedi-

98 1372 200 1421 ἕως
226 1372 372 1421 ΧΙΙΙ.
404 1368 541 1416 Pont.
570 1367 820 1432 Max.).ad
836 1370 935 1429 ejus
950 1365 1068 1416 aedes
1093 1365 1364 1433 frequenter
1382 1363 1680 1414 accesserint:
1715 1365 1966 1434 postquam

98 1441 374 1496 convaluit,
391 1452 444 1486 ut
461 1436 646 1487 facilius
661 1438 872 1488 eruditos
889 1455 1053 1486 omnes
1080 1437 1301 1503 deinceps
1319 1437 1604 1494 attraheret,
1627 1454 1680 1482 ac
1711 1436 1966 1502 quodam-2

98 1511 255 1560 veluti
286 1508 462 1578 pabulo
482 1509 751 1566 detineret,
782 1506 1092 1557 domesticam
1127 1507 1474 1556 Bibliothecam
1503 1504 1704 1553 mirifice
1735 1508 1873 1554 auxit
1909 1505 1970 1555 ad

96 1581 279 1649 septem
315 1581 470 1628 millia
501 1581 810 1628 voluminum
831 1577 1115 1627 selectorum
1130 1614 1147 1636 ,
1177 1578 1466 1626 intermixtis
1498 1576 1762 1626 Codicibus
1792 1578 1888 1626 fere
1914 1595 1969 1626 o-

98 1653 373 1720 stingentis,
391 1652 472 1716 qui
489 1650 751 1708 decimum,
773 1652 853 1716 qui
870 1649 1097 1698 ostavum
1119 1685 1135 1706 ,
1155 1649 1234 1714 qui
1257 1646 1442 1696 sextum
1463 1648 1685 1695 saeculum
1707 1647 1969 1696 redolentio

101 1723 186 1771 bus
204 1758 215 1768 .
249 1720 483 1770 Musaeum
503 1723 697 1788 pariter,
714 1722 841 1787 quod
860 1718 1149 1786 jampridem
1170 1722 1424 1786 incaeperat
1440 1754 1456 1775 ,
1478 1719 1659 1786 ingenti
1679 1721 1972 1779 Statum-um,

56 1820 60 1825 >
98 1792 498 1859 Inscriptionum,
514 1789 876 1839 Numismatum
889 1826 905 1847 ,
923 1792 1220 1854 aliarumque
1237 1789 1600 1854 Antiquitatum
1622 1785 1757 1855 copia
1778 1790 1840 1835 ita
1870 1806 1970 1836 am-

99 1861 365 1932 plificavit,
383 1874 435 1908 ut
450 1862 610 1908 omnia
631 1862 797 1907 Palatii
814 1862 1060 1908 conclavia
1079 1894 1094 1916 ‚
1115 1872 1218 1906 tum
1239 1860 1386 1906 etiam
1401 1860 1579 1904 atrium
1594 1894 1609 1915 ,
1632 1859 1927 1924 impluvium
1948 1894 1965 1916 ‚

102 1933 300 2001 anguli,
317 1929 445 1979 scalae
459 1966 476 1988 ,
497 1929 651 1979 aditus
679 1927 931 1979 ruderibus
949 1930 1263 1996 undequaque
1283 1924 1517 1994 dispositis
1543 1925 1905 1996 angustarentur
1923 1964 1934 1974 .

241 1999 497 2053 Celebrem
516 1999 704 2069 insuper
725 2002 772 2048 in
792 2000 871 2048 sua
892 2001 1058 2050 eadem
1075 2001 1221 2048 domo
1238 2000 1393 2047 erexit
1421 1997 1738 2047 Academiam
1753 2033 1769 2055 ,
1791 1995 1874 2046 ubi
1890 2015 1967 2045 na-

101 2072 275 2121 turalia
291 2073 615 2139 experimenta
630 2108 646 2130 ‚
662 2072 713 2122 ὅ(
725 2072 1079 2120 Mathematicae
1098 2067 1525 2120 demonstrationes
1538 2067 1970 2135 frequentarentur.

101 2143 205 2191 Lex
223 2142 525 2190 Academicis
542 2144 633 2190 lata
653 2157 754 2193 erat
769 2179 786 2200 ‚
812 2157 866 2190 ut
883 2142 941 2191 de
960 2142 1098 2191 rebus
1122 2140 1422 2189 Anatomicis
1437 2174 1453 2196 ,
1470 2138 1812 2206 Philosophicis
1826 2176 1842 2199 ‚
1865 2141 1969 2186 Ma-

102 2214 375 2262 thematicis
390 2247 406 2268 ‚
425 2213 475 2261 &
492 2213 782 2261 Mechanicis
798 2231 936 2281 agere
954 2210 1183 2261 deberent
1198 2250 1212 2271 ,
1235 2212 1298 2257 ita
1318 2224 1476 2257 tamen
1495 2223 1549 2257 ut
1564 2211 1864 2257 Anatomicae
1885 2206 1969 2256 ob-

99 2282 390 2333 servationes
423 2299 517 2330 non
535 2280 688 2330 solum
718 2283 938 2349 cujusque
958 2284 1169 2351 corporis
1194 2282 1416 2338 animati,
1435 2281 1484 2330 ἃ
1508 2278 1788 2348 vegetabilis
1810 2277 1969 2346 fingu-

102 2355 170 2402 las
204 2367 356 2422 partes
378 2353 670 2419 inquirerent
685 2389 702 2410 ,
725 2351 895 2402 verum
915 2355 1059 2402 etiam
1092 2351 1291 2421 figuram
1306 2388 1322 2409 ,
1349 2349 1736 2399 constitutionem
1753 2385 1770 2406 ,
1786 2350 1836 2399 &
1865 2366 1969 2395 ma·

105 2426 276 2473 teriam
303 2422 524 2489 cujusque
545 2423 610 2470 rei
631 2425 916 2480 inanimatae,
933 2425 982 2474 &
1000 2442 1094 2473 non
1118 2419 1399 2489 vegetabilis
1416 2419 1764 2477 scrutarentur,
1783 2421 1829 2466 in
1850 2418 1971 2467 Chi-

104 2496 242 2542 micis
273 2491 549 2561 praesertim,
570 2507 710 2559 atque
736 2495 1038 2561 Spargiricis.
1066 2489 1406 2558 Philosophicae
1433 2503 1597 2538 autem
1628 2489 1972 2558 speculationes

103 2566 354 2613 Elementa
369 2600 385 2621 ‚
411 2565 655 2612 Animalia
670 2600 686 2621 ‚
708 2563 1013 2632 Vegetabilia
1030 2600 1046 2621 ‚
1066 2559 1253 2611 Foffilia
1270 2596 1287 2619 ‚
1303 2561 1353 2610 &
1384 2560 1475 2607 alia
1499 2578 1787 2627 quaecunque
1807 2557 1970 2621 hujus-

107 2634 241 2683 modi
261 2635 617 2683 examinarent.
646 2636 1004 2683 Mathematicae
1037 2629 1381 2698 disquisitiones
1399 2632 1523 2677 circa
1540 2645 1822 2698 argumenta
1841 2632 1971 2678 Geo-

106 2706 307 2755 metrica
320 2741 335 2762 ,
354 2705 704 2772 Geographica,
735 2703 1075 2774 Hydrologica
1089 2739 1105 2761 ,
1123 2703 1350 2758 Nautica,
1369 2703 1750 2769 Meteoroiogica
1765 2736 1780 2758 ‚
1805 2699 1970 2749 Arith-

105 2777 279 2824 metica
292 2811 308 2832 ,
327 2772 529 2831 Musica,
546 2777 596 2825 ὅ(
611 2773 941 2832 Astronomica
961 2771 1262 2823 versarentur
1281 2808 1291 2818 .
1311 2772 1602 2820 Mechanicae
1623 2772 1817 2820 tandem
1843 2787 1973 2819 exer-

107 2846 354 2894 citationes
383 2846 772 2895 Architetsturam
789 2882 805 2903 ‚
835 2846 1074 2894 Pif'mram
1088 2880 1106 2904 ‚
1123 2845 1422 2910 Sculpturam
1447 2876 1463 2899 ,
1490 2843 1719 2908 Opticam
1737 2878 1754 2900 ,
1772 2837 1968 2908 Prospe-

106 2916 289 2967 &ivam
307 2951 323 2972 ,
340 2917 692 2965 Gnomonicam
706 2953 723 2975 ,
751 2915 1030 2983 caeterasque
1055 2911 1317 2984 ingeniosas
1345 2924 1466 2960 artes
1492 2909 1781 2980 respicerent
1797 2947 1809 2958 .
1836 2912 1895 2959 Et
1912 2911 1970 2959 ne

108 2986 225 3052 quid
259 2986 609 3053 inexploratum
623 3024 640 3045 ‚
671 3001 753 3035 aut
784 2989 1075 3036 intentatum
1106 2987 1455 3051 relinqueretur
1471 3017 1487 3040 ,
1521 2981 1690 3032 statuas
1707 3022 1722 3044 ‚
1752 2980 1965 3036 tabulas,

109 3053 393 3103 numismata
409 3092 425 3114 ,
439 3073 681 3126 gemmas,
703 3056 852 3106 bullas
867 3094 883 3115 ,
900 3058 1267 3125 hieroglyphica
1284 3090 1301 3112 ,
1318 3055 1502 3120 aliaque
1532 3053 1669 3117 hujus
1693 3052 1878 3121 generis
1896 3067 1966 3099 re-

111 3125 389 3193 cognoscere
406 3163 421 3184 ,
439 3128 674 3194 explicare
688 3164 704 3186 ,
724 3131 774 3180 &
795 3129 1094 3196 interpretari
1110 3128 1275 3176 liceret
1293 3161 1305 3171 .

252 3196 484 3245 Providus
502 3199 693 3245 interim
707 3235 726 3257 ,
752 3203 801 3251 &
820 3198 960 3248 solers
983 3198 1262 3266 Ciampinus
1280 3190 1547 3259 sumptibus
1564 3192 1784 3241 maximis
1801 3187 1961 3239 omnia

109 3262 441 3325 instrumenta,
473 3265 728 3336 omnesque
758 3271 1013 3331 machinas,
1033 3285 1133 3336 quae
1162 3266 1221 3316 ad
1240 3266 1566 3333 experimenta
1593 3263 1960 3374 qualiacumqpe

1856 3345 1887 3376 u
1912 3343 1962 3373 ui

1991 593 2117 649 1673.
