2425 3747
306 272 374 324 46
706 261 754 311 V
780 260 819 313 Ε
855 257 904 308 T
931 253 971 308 E
1007 256 1054 306 R
1088 257 1136 303 A
1209 253 1277 305 M

297 329 436 379 tificis
456 331 735 397 provoluti,
765 332 813 377 in
835 326 1026 395 publica
1047 321 1278 383 Seffione,

296 403 346 452 in
379 399 554 449 aedibus
581 401 799 448 Laterani
824 395 1016 452 habita,
1050 392 1277 444 omnibus

294 470 552 520 honoribus
569 506 585 528 ,
603 489 655 518 ac
676 466 941 537 privilegiis
955 502 971 523 ,
991 463 1164 532 quibus
1186 466 1267 513 alii

293 542 536 591 Catholici
556 537 796 594 fruuntur,
812 535 977 585 donati
993 534 1126 585 fuc'ire
1143 572 1154 582 .
1175 535 1272 584 Sub

294 630 426 659 num.
450 630 524 674 14.
551 607 816 657 eorundem
850 606 907 654 ab
927 606 1066 661 Urbe
1096 604 1270 655 disces-

288 680 397 729 sum
427 679 643 728 denotari
676 690 876 726 autumo
898 714 907 723 .
952 680 1075 744 Qae
1099 674 1175 726 hic
1194 695 1272 727 re-

289 753 490 800 tulimus
508 783 524 805 ,
552 763 712 797 narrat
740 749 959 797 laudatus
985 747 1273 816 Raynaldus

286 821 348 868 ad
361 837 540 868 annum
563 836 709 883 1445.
736 837 866 867 num.
891 837 971 869 20.
994 819 1045 869 &
1062 817 1185 887 seqq.

372 899 450 940 16.
501 893 558 938 In
583 890 673 938 hoc
702 889 934 956 quadrato
967 892 1103 938 Beati
1138 890 1268 938 Petri

286 958 634 1030 Apostolorum
654 961 887 1028 Principis
917 957 1187 1010 Crucifixio
1217 961 1267 1007 in

283 1043 451 1079 monte
468 1031 697 1099 Janiculo
729 1028 1109 1080 demonstratur.
1139 1028 1270 1081 Visi-

281 1115 362 1149 tur
382 1102 431 1147 in
447 1102 619 1148 throno
637 1101 800 1146 sedens
824 1102 1000 1164 impius
1017 1105 1152 1148 Nero
1167 1105 1267 1150 Im-

282 1184 475 1239 perator
503 1204 519 1225 ‚
557 1166 782 1236 Apostoli
823 1166 1143 1218 Crucifixioni
1180 1170 1263 1219 ad.-

282 1240 437 1297 stans,
473 1256 588 1287 curn
620 1240 872 1288 innumera
893 1240 1065 1306 Populi
1094 1242 1265 1288 multi-

278 1311 451 1360 tudine
468 1346 479 1357 .
519 1311 751 1359 Cernitur
768 1311 919 1360 etiam
937 1310 1151 1378 Tyberis
1169 1310 1262 1360 flu-

281 1384 391 1431 vius
408 1417 424 1438 ,
456 1384 602 1448 prope)
629 1399 774 1447 quem
804 1380 872 1430 est
891 1382 1140 1430 Hadriana
1160 1400 1265 1431 mo-

281 1452 348 1501 les
367 1488 382 1509 ,
418 1453 468 1501 &
485 1454 620 1514 juxta
638 1469 744 1500 eam
764 1453 986 1520 Pyramis
1000 1489 1017 1511 ,
1036 1471 1160 1501 nunc
1181 1452 1262 1502 de-

278 1524 481 1579 molita,
518 1521 601 1569 ubi
630 1524 751 1570 olim
781 1525 1054 1589 Scipionem
1074 1522 1264 1572 Africa-

278 1611 398 1641 num
418 1591 660 1660 sepultum
682 1589 817 1642 fuisse
841 1591 968 1642 fama
997 1592 1091 1654 est3
1118 1612 1263 1661 quam

277 1665 428 1712 etiam
450 1665 498 1710 in
517 1664 742 1730 ampliori
770 1663 924 1712 forma
948 1664 1068 1713 infra
1085 1663 1258 1714 refere-

276 1751 385 1781 mus
401 1736 520 1799 Cap.
536 1737 683 1782 XIX.
699 1769 715 1789 ,
746 1733 828 1780 ubi
857 1736 909 1782 de
923 1736 1255 1797 Sepulchrorum

260 1802 430 1871 formis
448 1800 602 1850 sermo
619 1803 737 1859 erit,
759 1804 808 1849 in
829 1802 953 1851 Tab.
976 1805 1082 1854 XL.
1101 1807 1258 1873 Fig.4.

277 1873 449 1922 Procul
485 1870 543 1920 ab
583 1873 832 1922 Hadriana
870 1875 1001 1920 mole
1047 1877 1260 1919 cernitur

276 1945 370 1990 alia
387 1944 611 2007 Pyramis
625 1976 642 1998 ‚
662 1958 764 2005 quae
786 1957 871 2006 pro
892 1939 974 1988 illa
995 1940 1055 1989 ad
1070 1955 1260 2008 portam

276 2011 621 2078 Trigeminam
650 2007 863 2077 apposita
882 2008 949 2058 est
981 2047 991 2057 .
1033 2014 1138 2059 Nec
1167 2009 1262 2059 fine

278 2078 478 2130 consilio
505 2078 654 2127 ambae
674 2080 741 2126 hae
762 2079 1048 2146 Pyramides
1066 2078 1262 2130 fuerunt

279 2149 356 2201 hic
378 2150 612 2217 exculptae
626 2186 642 2206 ,
680 2148 756 2197 sed
779 2150 889 2198 data
907 2152 1080 2218 opera,
1099 2152 1159 2200 ad
1177 2151 1257 2202 de-

278 2221 543 2270 notandam
577 2218 789 2283 ejusdem
808 2220 1032 2288 Apostoli
1051 2221 1257 2272 Crucifi-

280 2294 502 2348 xionem,
522 2308 667 2358 quam
686 2292 813 2341 inter
833 2291 947 2341 duas
967 2308 1116 2344 metas
1130 2331 1145 2352 ‚
1168 2292 1257 2343 sci-

280 2365 394 2412 licet
418 2364 542 2411 inter
560 2363 674 2410 duas
691 2363 975 2429 Pyramides
991 2401 1008 2422 ,
1044 2362 1256 2414 secutam

279 2429 414 2482 fuisse
434 2446 591 2480 narrat
607 2433 862 2503 Torrigius
896 2437 943 2482 in
962 2434 1053 2484 suis
1072 2439 1256 2505 Crypcis

282 2506 510 2556 Vaticanis
537 2520 642 2570 pag.
667 2523 777 2566 194.
802 2507 1113 2571 antiquorum
1133 2510 1256 2556 Scri-

282 2589 477 2641 ptorum
495 2573 778 2622 austoritate
810 2571 1028 2624 suffultus
1047 2605 1058 2624 ὁ
1100 2582 1253 2627 Nom,

282 2647 450 2712 ignoro
486 2648 547 2692 D.
584 2645 713 2693 Petri
754 2648 1050 2712 martyrium
1087 2653 1255 2698 Romae

282 2712 397 2782 paffi
422 2715 478 2762 ab
501 2714 736 2781 aliquibus
752 2717 1077 2767 Heterodoxis
1094 2721 1143 2766 in
1162 2719 1253 2768 du-

282 2784 420 2832 bium
448 2788 691 2846 revocari3
718 2784 797 2835 sed
822 2787 934 2837 vide
961 2807 1061 2855 quae
1092 2790 1254 2839 erudi-

283 2856 328 2904 te
344 2891 360 2912 ,
390 2856 441 2904 &
466 2857 652 2922 copiose
667 2854 847 2925 scripsit
862 2858 1131 2908 Franciscus
1147 2864 1254 2909 Ma-

283 2927 354 2973 ria
382 2927 686 2974 Florentinus
717 2929 765 2974 in
785 2925 867 2977 suo
890 2932 1252 3000 Martyrologio

283 2993 484 3044 Lucenfi
503 2995 562 3044 ad
577 2996 707 3046 diem
732 3002 955 3067 29.Junii
974 3037 985 3047 .

361 3086 378 3114 1
391 3085 436 3125 7.
467 3069 524 3116 In
540 3067 627 3115 hoc
645 3069 816 3119 itidem
834 3072 1082 3137 Qiadrato
1098 3075 1253 3142 expri-

284 3137 433 3185 mitur
452 3139 494 3184 S.
513 3137 646 3186 Pauli
663 3141 886 3208 Apostoli
909 3142 968 3191 ad
981 3145 1139 3210 Aquas
1154 3145 1250 3191 Sal-

284 3209 383 3254 vias
406 3206 694 3268 decollatio,
728 3207 1004 3280 praefidente
1037 3215 1252 3264 eodem-2

289 3278 583 3343 Imperatore
601 3314 609 3323 0

1309 252 1912 314 oNIMENTA

1530 400 1910 455 CAPUT
1983 384 2113 452 'vr‘

1372 538 1442 588 De
1455 543 1647 607 antiquis
1669 543 1835 594 Valvis
1850 547 1975 591 aeneis
1991 542 2263 594 Primitialis

1584 613 1774 682 Ecclefiae
1800 610 2003 679 Pifizrnm
2023 649 2035 660 .

1438 752 1626 800 ISARUM
1646 752 1838 806 Urbem
1859 756 1984 801 inter
1999 755 2148 802 Italiae
2166 751 2304 801 nobi-

1460 815 1651 870 liffimas
1675 829 1783 888 jure
1814 825 2187 880 connumerari,
2217 841 2303 873 ne-

1322 913 1403 944 mo
1426 887 1491 939 est
1509 893 1590 957 qui
1608 893 1823 963 ambigat
1838 931 1849 940 .
1878 896 2009 942 Nam
2038 890 2073 939 fi
2092 891 2305 941 vetusta-

1322 979 1423 1015 tem
1451 967 1550 1024 ejus
1583 960 1921 1030 inspiciamus,
1962 965 2306 1011 Romanorum

1324 1035 1535 1086 Colonia
1560 1029 1684 1093 fuit3
1719 1031 1755 1081 fi
1780 1032 1895 1082 belli
1926 1032 2131 1090 decora,
2161 1030 2308 1081 saecu-

1324 1109 1379 1155 lis
1402 1103 1627 1153 anteaRis
1648 1102 1771 1152 adeo
1787 1102 1960 1152 floruit
1979 1104 2027 1150 in
2050 1105 2193 1151 armis
2208 1139 2225 1160 ,
2255 1115 2313 1151 ut

1318 1187 1590 1229 tercentum
1622 1175 1900 1222 triremium
1932 1170 2142 1222 Classem
2171 1170 2305 1221 insti-

1317 1248 1494 1299 tuerit.
1537 1248 1642 1293 Nec
1677 1246 1727 1291 in
1762 1242 2090 1313 spiritualibus
2126 1243 2308 1290 minori

1314 1323 1499 1370 honore
1528 1312 1736 1384 refulget
1759 1351 1776 1372 ,
1814 1312 1926 1363 cum
1961 1312 2166 1364 Corficae
2197 1315 2312 1361 Me-

1316 1388 1519 1456 tropolis
1532 1424 1549 1446 ,
1567 1385 1888 1453 Sardiniaeque
1907 1385 2088 1433 Primas
2104 1422 2121 1443 ,
2142 1403 2194 1433 ac
2214 1384 2309 1430 mi-

1316 1458 1476 1510 randis
1496 1454 1785 1525 quibusdam
1804 1469 1903 1504 tam
1924 1455 2065 1504 sacris
2078 1491 2094 1513 ,
2123 1457 2309 1522 quam-2

1318 1527 1525 1601 profanis
1562 1524 1772 1576 aedificiis
1798 1563 1814 1585 ,
1856 1544 2122 1592 eorumque
2165 1543 2306 1573 orna—

1316 1602 1493 1652 mentis
1526 1596 1782 1664 conspicua
1819 1597 1976 1646 adhuc
2015 1595 2106 1643 fit.
2147 1597 2219 1642 Ex
2251 1595 2308 1640 iis

1316 1687 1478 1721 autem
1510 1669 1615 1716 illas
1644 1668 1877 1716 maximas
1904 1686 1964 1717 ex
2000 1683 2087 1714 aere
2123 1667 2309 1714 Valvas

1313 1741 1508 1810 proprie
1528 1737 1919 1804 Metropolitanae
1939 1733 2176 1792 Ecclesiae,
2196 1735 2310 1782 huic

1312 1809 1470 1861 nostro
1490 1809 1645 1875 Operi
1664 1804 1840 1855 tribuit
1858 1844 1874 1866 ,
1911 1824 2117 1876 quarum
2146 1822 2309 1856 exem-

1317 1883 1419 1947 plar
1436 1877 1612 1925 nobilis
1629 1879 1722 1925 Vir
1735 1876 1866 1924 Abas
1880 1878 2066 1944 Gaspar
2082 1875 2161 1924 del
2182 1875 2308 1923 Tor-

1316 1963 1366 1997 to
1381 1985 1397 2006 ,
1434 1942 1732 2014 digniffimus
1752 1951 1851 2008 ejus
1877 1945 2027 2000 Urbis
2050 1947 2309 2001 Patritius,

1315 2015 1528 2069 officiose
1558 2014 1695 2064 nobis
1713 2015 1936 2064 exhibuit
1953 2053 1970 2073 ,
1999 2017 2081 2082 qui
2102 2034 2177 2065 eas
2198 2028 2308 2063 tum

1316 2100 1509 2156 propter
1539 2087 1848 2143 caelaturam,
1887 2084 1968 2134 seu
2001 2083 2160 2153 potius
2192 2104 2308 2133 ana·-

1311 2151 1606 2229 {glyphicum
1638 2173 1786 2225 opus,
1817 2169 1924 2204 tum
1947 2158 2095 2204 etiam
2123 2155 2186 2204 ob
2216 2174 2307 2204 va-

1315 2233 1406 2280 rias
1436 2230 1660 2295 Figuras‚
1700 2223 1883 2274 sacram
1921 2224 2192 2276 Historiam
2229 2242 2301 2274 re-

1311 2297 1643 2371 praesentantes
1658 2334 1675 2355 ,
1706 2300 1832 2346 inter
1850 2311 2017 2346 vetera
2047 2296 2175 2345 sacra
2195 2313 2303 2344 mo-

1310 2374 1524 2420 nimenta
1545 2367 1878 2417 adscribendas
1896 2364 1986 2416 esse
2013 2365 2301 2416 censuimus.

1312 2449 1594 2509 Antequam
1623 2452 1787 2487 autem
1816 2436 1876 2485 ad
1890 2439 2103 2503 *illarum
2123 2434 2300 2486 descri-

1312 2516 1530 2582 ptionem
1557 2509 1902 2564 deveniamus,
1942 2527 2038 2575 quo
2072 2523 2295 2576 tempore

1307 2581 1582 2633 construstae
1609 2576 1790 2627 fuerint
1823 2579 2149 2629 demonstrare
2183 2595 2294 2645 ope-

1308 2674 1368 2704 rae
1403 2653 1614 2721 pretium
1643 2646 1785 2708 effet;
1823 2647 1902 2698 sed
1929 2647 2047 2698 cum
2074 2649 2126 2697 id
2159 2649 2296 2716 peni-

1306 2724 1380 2774 tus
1401 2725 1674 2791 ignoretur,
1694 2718 1831 2768 filere
1851 2721 2087 2787 cogimur.
2112 2720 2299 2766 Scimus

1309 2810 1471 2844 tamen
1497 2811 1593 2841 non
1613 2793 1662 2838 in
1678 2790 1849 2840 eadem
1877 2789 2016 2843 Urbe
2037 2788 2266 2838 conflatas
2281 2823 2298 2845 ,

1308 2864 1388 2915 sed
1415 2862 1609 2911 aliunde
1648 2860 1876 2910 addustas
1901 2857 2037 2909 fuisse
2070 2884 2085 2922 3
2124 2857 2293 2909 verum

1307 2955 1366 2985 an
1395 2952 1453 2984 ex
1479 2930 1878 2998 Hierosolymis,
1918 2932 2000 2981 vel
2039 2928 2200 2999 potius
2232 2945 2292 2978 ex

1308 3004 1478 3056 Insulis
1508 3002 1811 3061 Balearibus,
1840 3005 1866 3052 a
1895 3000 2072 3050 Pisanis
2100 2999 2184 3049 sub
2212 2998 2291 3047 sae-

1307 3079 1416 3126 culo
1446 3078 1567 3125 XII.
1611 3072 1815 3123 subaCfis
1841 3110 1858 3131 ,
1897 3075 2135 3121 incertum
2177 3068 2245 3119 est
2279 3105 2290 3115 .

1310 3150 1451 3197 Hanc
1475 3143 1732 3193 secundam
1752 3145 2061 3212 opinionem,
2096 3143 2292 3200 (ultra-³

1311 3218 1644 3286 perantiquam
1681 3218 1730 3263 in
1755 3214 1926 3264 eadem
1963 3212 2102 3268 Urbe
2143 3212 2294 3261 tradi-

1316 3290 1535 3351 tionem)
1558 3284 1811 3336 confirmat
1830 3302 1993 3335 recens
2017 3285 2291 3398 Annaliqm

2161 3355 2213 3401 Pi
2239 3369 2284 3397 a·
