2425 3747
417 304 601 336 XXXI!

362 385 1922 483 BENEDICTUSPR
2010 389 2363 483 XIV,

947 535 1035 589 Ad
1065 535 1294 612 futuram
1336 546 1408 591 rei
1446 540 1735 595 Memoriam
1756 581 1767 594 .

456 665 485 701 U
501 666 535 699 M
563 663 647 698 sicut
669 661 817 697 dilectus
847 659 940 697 filius
968 662 1120 698 Carolus
1141 662 1307 698 Giannini
1331 666 1532 706 Romanus,
1556 667 1611 703 cui
1639 667 1824 704 Librorum
1853 680 1918 714 pro
1943 668 2056 705 nostra
2079 667 2217 714 privata
2232 665 2367 704 Biblio-
2408 661 2411 687 '¹

474 713 576 748 theca
590 713 912 757 comparandorum
929 722 1016 746 onus
1032 713 1204 748 incumbit
1220 738 1229 753 ‚
1243 713 1359 751 Nobis
1377 725 1485 760 nuper
1499 716 1719 760 exponifecit
1736 741 1747 758 ,
1764 718 1832 764 ipse
1855 729 1983 766 magna
1999 719 2054 754 sua
2071 717 2221 764 impensa
2233 719 2369 763 Opera,

361 765 420 798 seu
433 763 558 807 scripta
574 763 624 797 bo:
639 773 700 798 me:
713 763 858 807 Magistii
874 764 1012 805 ‘joannis
1026 765 1187 811 Ciampini
1202 789 1212 804 ‚
1222 774 1372 810 quorum
1387 765 1480 801 tituli
1495 778 1505 800 ε
1533 771 1648 802 Vetera
1664 771 1860 804 Munimenta
1873 794 1882 810 ‚
1893 771 1926 804 in
1940 767 2061 816 quibus
2070 768 2230 816 praeci‘pme
2241 767 2365 811 musiva

358 822 459 858 opera
475 835 486 851 ,
498 817 680 852 sacrarum,
699 812 971 860 profanarumque
983 815 1098 848 aedium
1108 813 1275 855 firmum
1289 838 1301 854 ,
1317 828 1354 850 ac
1365 815 1507 850 nonnulli
1518 819 1646 862 antiqui
1664 819 1756 862 Ritus
1770 843 1779 858 ,
1797 818 2090 866 Differtationibus,
2107 816 2310 867 leonibusque
2323 818 2373 851 il-

360 862 539 902 lustrantur
551 863 643 896 Tomi
657 864 716 896 duo
732 872 740 896 :
754 869 799 895 De
814 865 919 898 sacris
939 863 1107 905 aedrficiis
1121 876 1140 897 a
1153 863 1351 903 constantino
1369 872 1482 911 Magno
1497 866 1680 906 confirmes
1694 869 1836 914 synopsis
1851 868 2021 907 Ηίίὶονίια,
2038 872 2151 902 Tamus
2169 868 2254 902 alter
2269 879 2278 903 z
2294 868 2361 910 Dis
2358 886 2369 892 »

353 911 492 954 serratio
506 911 683 952 Historica,
700 923 739 945 an
756 916 912 955 Romanus
932 913 1087 956 Pontifex
1105 913 1220 948 Baculo
1237 915 1398 955 Pastor-ali
1414 925 1532 950 utatur
1549 926 1558 952 t
1573 923 1620 950 De
1633 916 1803 958 incombusi
1811 917 1883 954 ibili
1896 921 1987 957 Lino,
1998 922 2071 961 slve
2085 919 2205 964 Lepide
2220 919 2367 952 ⁸Amian-

359 970 392 996 το
405 985 417 1001 ,
429 960 586 1005 illiusque
596 959 713 1003 filandi
726 963 815 995 modo
835 962 1016 1008 Differtacio
1029 962 1218 1009 Episiolaris
1239 989 1247 997 .
1266 971 1312 997 De
1325 962 1445 999 disobus
1456 963 1714 1000 Emblematibus
1725 992 1738 1010 ,
1767 979 1836 1013 quae
1851 971 1882 1003 in
1893 969 2029 1003 Cimeli'o
2044 966 2194 1013 Casparis
2210 968 2371 1002 Carrina-

355 1011 400 1045 li‘s
415 1013 564 1057 Carpinei
583 1010 786 1056 asservantur
803 1034 811 1048 ‚
824 1013 855 1045 in
868 1023 1007 1058 quorum
1019 1014 1122 1046 altero
1138 1013 1298 1060 praecipue
1313 1013 1512 1061 defi-optatur
1525 1038 1535 1054 ,
1549 1027 1589 1050 an
1605 1017 1665 1049 duo
1682 1016 1828 1062 Philippi
1843 1025 2057 1064 Imperatores
2066 1016 2194 1060 fiterint
2211 1015 2371 1057 christia-

351 1060 682 1099 ni,Sacro-Hiliorica
702 1059 884 1107 Difiquisitio
898 1072 906 1096 :
926 1069 971 1096 De
982 1064 1073 1097 Vocis
1092 1064 1298 1098 CorrecJI'one
1314 1065 1345 1097 in
1365 1070 1513 1099 Sermone
1526 1069 1596 1100 VII·
1611 1066 1720 1099 sanni
1739 1067 1856 1100 Leonis
1870 1071 1980 1113 Magni
1996 1069 2033 1103 de
2046 1069 2240 1112 Nativitate
2256 1068 2366 1102 Domi-

350 1112 438 1149 ni,in
453 1116 522 1144 tres
536 1118 647 1154 partes
660 1113 809 1158 separata
824 1112 886 1146 una*
902 1123 973 1146 cum
985 1121 1110 1147 centum
1127 1115 1170 1147 G*
1185 1114 1343 1157 ostaginta
1360 1125 1420 1148 una
1434 1114 1553 1159 figuris
1568 1115 1600 1148 in
1615 1126 1676 1148 cere
1691 1114 1801 1161 Cl'PfiO
1821 1116 1986 1161 insculptis
2003 1141 2014 1157 ,
2045 1130 2080 1151 ac
2091 1117 2195 1162 effigie
2221 1115 2368 1159 jusdem)

353 1159 503 1205 Magistri
515 1159 654 1200 *joannis
675 1162 790 1195 itidem
803 1161 907 1195 celata
927 1185 936 1200 ‚
951 1173 1008 1196 nec
1021 1173 1079 1196 non
1091 1174 1201 1197 rerum
1219 1163 1261 1197 ab
1278 1164 1343 1210 ipso
1361 1165 1516 1210 Magistro
1538 1166 1616 1199 dum
1630 1167 1768 1199 viveret
1775 1164 1939 1212 gestarum
1965 1169 2146 1201 narratione
2165 1167 2267 1200 adhuc
2282 1177 2368 1200 nutz-

354 1219 451 1254 quam
464 1209 611 1255 impreffiz
630 1232 641 1249 ,
654 1210 880 1257 nonnullisque
895 1210 1173 1247 ,annotationibus
1189 1215 1221 1248 in
1230 1213 1296 1255 fine
1312 1215 1457 1248 secunda
1469 1216 1576 1260 piirtis
1592 1237 1603 1253 ,
1619 1215 1713 1259 typis
1733 1216 1777 1248 ad
1793 1216 1967 1257 publicam
1995 1216 2184 1249 utilitatem
2211 1216 2243 1248 in
2260 1219 2367 1251 Alma

355 1259 449 1292 Urbe
465 1257 577 1292 nostra
591 1259 754 1294 mandare
781 1260 939 1294 intendat
955 1270 967 1300 3
993 1271 1155 1295 vereatur
1169 1272 1287 1296 autem
1303 1286 1313 1302 ‚
1341 1272 1381 1295 ne
1397 1262 1576 1309 postquam
1591 1263 1623 1297 in
1640 1265 1751 1297 lucem
1770 1264 1964 1308 prodierint
1978 1288 1989 1304 ‚
2014 1264 2072 1299 alii
2085 1289 2096 1304 ,
2121 1265 2178 1308 qui
2193 1276 2235 1298 ex
2251 1268 2364 1300 alieno

354 1305 477 1342 labore
494 1307 627 1342 lucrum
642 1319 798 1354 quaerunt
811 1332 820 1347 ‚
834 1319 922 1354 opus
935 1310 1117 1353 praefatum
1133 1335 1143 1350 ,
1158 1310 1211 1345 seu
1231 1312 1338 1347 libros
1354 1311 1551 1355 hujusmodi
1579 1313 1611 1347 in
1631 1313 1734 1358 ipsius
1749 1314 1870 1348 Caroli
1895 1314 2132 1358 praejudicium
2146 1325 2273 1348 iterum
2297 1317 2364 1348 im-

354 1357 462 1401 primi
489 1355 603 1392 facere
632 1367 772 1393 curent.
797 1359 873 1393 Nos
902 1359 1057 1400 eiusdem
1085 1361 1207 1396 Caroli
1239 1362 1461 1398 indemnitati
1488 1363 1676 1408 providere
1710 1388 1720 1403 ,
1744 1363 1922 1409 ipsumque
1952 1363 2156 1410 specialibus
2183 1363 2364 1399 favoribus

354 1408 389 1440 &
411 1407 536 1451 gratiis
570 1407 728 1454 prosequi
752 1408 931 1448 volentes,
949 1413 981 1443 δι
998 1420 1016 1444 a
1032 1409 1211 1455 quibusvis
1236 1413 1614 1449 excommunicacionis
1631 1437 1640 1452 2
1669 1412 1888 1458 suspensionis
1905 1439 1914 1453 ,
1941 1417 1972 1448 &
1989 1413 2164 1448 interdiffi
2184 1438 2194 1454 ‚
2217 1415 2361 1458 aliisque

353 1454 602 1491 Eccsefiasticis
619 1457 820 1498 sententiis,
841 1460 987 1494 censuris
1002 1485 1011 1500 ,
1036 1463 1068 1494 &
1087 1462 1200 1505 poenis
1217 1461 1325 1504 ajure
1341 1486 1351 1501 ,
1382 1464 1433 1498 vel
1448 1463 1491 1499 ab
1510 1464 1649 1498 homine
1679 1466 1804 1508 quavis
1829 1464 2030 1504 occasione,
2057 1463 2110 1497 vel
2138 1463 2236 1499 causa
2253 1464 2334 1498 latis
2356 1487 2368 1505 ,

353 1504 377 1538 fi
397 1503 527 1549 quibus
542 1507 819 1552 quomodolibet
845 1508 1035 1544 innodatus
1052 1511 1163 1546 existit
1178 1511 1247 1551 ‚ad
1272 1510 1431 1546 effessum
1459 1513 1672 1558 praesentium
1694 1514 1879 1549 dumtaxat
1900 1513 2194 1559 consequendum,
2211 1514 2363 1548 harum...

353 1552 441 1589 serie
459 1554 677 1591 absolventes
697 1582 707 1597 ,
727 1560 758 1591 &
775 1557 971 1593 absolutum
986 1558 1059 1595 fore
1077 1560 1280 1601 censentes3
1307 1561 1614 1608 supplicationibus
1634 1562 1706 1604 (rjus
1725 1566 1865 1598 nornine
1892 1563 2005 1599 Nobis
2023 1563 2117 1608 super
2131 1562 2195 1597 hoc
2221 1563 2363 1598 humili-

354 1614 409 1638 ter
425 1605 592 1648 porres-‘ris
609 1607 763 1642 inclinati
784 1631 793 1646 ‚
807 1608 920 1642 eidem
934 1611 1065 1643 Carolo
1081 1629 1095 1650 ‚
1120 1620 1158 1644 ut
1187 1612 1354 1646 decennio
1382 1613 1545 1659 proximo
1563 1625 1581 1648 a
1596 1615 1759 1659 priinaeva
1776 1613 1903 1657 Operis
1933 1613 2130 1655 hujusmodi
2147 1637 2157 1652 ‚
2184 1612 2238 1646 seu
2256 1613 2366 1648 libro—

354 1664 432 1687 rum
449 1654 667 1699 impressione
681 1659 922 1701 computando
950 1659 1100 1694 durante
1117 1684 1127 1700 ‚
1147 1660 1343 1696 dummodo
1357 1659 1571 1698 tamenillud
1589 1688 1598 1703 ‚
1614 1663 1668 1697 seu
1687 1663 1735 1696 illi
1749 1665 1843 1708 prius
1857 1674 1876 1697 a
1892 1662 2018 1697 diiecto
2031 1661 2102 1698 filio
2122 1661 2286 1707 Magistro
2305 1664 2367 1697 Sa-

352 1704 403 1736 cri
419 1703 542 1737 Palatii
561 1706 750 1750 Apostolici
764 1707 998 1751 approbatum
1015 1707 1053 1743 fit
1070 1732 1080 1748 ,
1097 1720 1200 1744 nemo
1216 1721 1288 1745 tarn
1306 1711 1337 1746 in
1356 1712 1446 1748 Urbe
1461 1713 1625 1757 praedicta
1641 1736 1651 1750 ‚
1667 1723 1771 1757 quam
1801 1714 1833 1747 in
1852 1712 1986 1757 reliquo
2010 1715 2109 1747 Statu
2129 1711 2363 1746 Ecclesiastico

353 1753 531 1791 mediate,
551 1755 605 1788 vel
620 1756 826 1789 immediate
839 1758 954 1793 Nobis
972 1757 1122 1801 subjefio
1142 1760 1274 1794 dierum
1290 1766 1391 1805 Opus
1412 1787 1421 1803 ,
1447 1763 1500 1796 seu
1518 1763 1625 1798 libros
1653 1761 1718 1795 fine
1745 1762 1880 1807 speciali
1909 1761 1992 1796 alfii
2020 1762 2165 1801 Caroli,
2192 1763 2246 1795 vel
2260 1761 2304 1797 ab
2318 1772 2362 1796 eo

351 1800 488 1835 causam
505 1801 710 1840 habentium
727 1806 905 1839 licentiam
923 1807 1122 1851 imprimere
1137 1832 1147 1848 ‚
1162 1820 1224 1844 aut
1240 1809 1285 1846 ab
1304 1811 1374 1845 alio
1391 1834 1402 1851 ,
1415 1812 1468 1846 vel
1484 1813 1561 1847 aliis
1579 1811 1773 1856 impressum
1798 1811 1948 1847 vendere
1962 1835 1972 1851 ,
2002 1820 2063 1846 aut
2081 1811 2201 1846 venale
2219 1810 2363 1853 habere,

351 1849 407 1885 seu
422 1861 613 1895 proponere
628 1853 726 1898 possit
738 1879 749 1895 ,
764 1855 977 1890 auRoritate
993 1856 1191 1901 Apostolica
1211 1870 1331 1895 tenore
1351 1861 1567 1905 praesentium
1596 1862 1822 1896 concedimus
1840 1886 1850 1902 ‚
1877 1864 1909 1894 δε
1921 1860 2150 1907 :indulgemus
2162 1884 2170 1893 .
2198 1860 2363 1897 Inhibea—

351 1909 407 1934 tes
422 1911 606 1945 propterea
623 1902 797 1950 utriusque
818 1909 924 1939 Sexus
943 1905 1237 1942 christifidelibus
1259 1935 1268 1950 ,
1284 1910 1470 1955 praescrtim
1490 1910 1662 1947 librorum
1685 1910 1949 1955 lmpress'oribus
1964 1933 1974 1950 ,
2004 1914 2037 1943 δι
2069 1909 2277 1955 Bibliopolis
2303 1909 2365 1947 sub

352 1950 623 1996 quingentorum
650 1955 860 1989 ducatorum
878 1954 951 1989 anri
974 1956 1017 1989 de
1039 1957 1187 1992 Cometa
1205 1985 1217 2001 ‚
1230 1970 1268 1993 ac
1285 1960 1474 1995 amissionis
1488 1961 1661 1996 librorum
1673 1983 1683 1999 ,
1697 1970 1737 1994 ac
1753 1970 1916 2008 typorum
1932 1983 1941 1998 ‚
1956 1970 2019 2003 pro
2044 1971 2110 1994 una
2124 1961 2279 1994 Camerae
2297 1971 2362 1993 no-

352 1999 426 2033 strae
454 1999 682 2044 Apostolicae,
711 2015 774 2047 pro
795 2006 862 2039 alia
890 2006 1006 2039 eidem
1040 2007 1191 2048 Carolo,
1221 2019 1260 2043 ac
1290 2020 1355 2054 pro
1379 2011 1514 2055 reliqua
1539 2011 1656 2046 tertiis
1686 2011 1844 2054 partibus
1865 2007 2264 2052 Accusatori,&judici
2283 2021 2361 2042 exe-

354 2050 476 2093 quenti
506 2049 771 2087 irremisibiliter
795 2054 1024 2100 applicandis,
1045 2067 1086 2090 eo
1101 2057 1172 2103 ipso
1185 2057 1311 2104 absque
1337 2059 1404 2094 ulla
1419 2059 1653 2096 declaratione
1669 2059 1885 2095 incurrendis
1904 2060 2036 2103 poenis,
2061 2069 2101 2092 ne
2122 2059 2215 2092 dieto
2235 2058 2362 2093 dece-n—

354 2099 413 2132 nio
442 2099 591 2150 durante
614 2103 814 2144 praedicstum
839 2105 963 2148 Opus,
981 2104 1035 2139 seu
1058 2106 1192 2149 libros,
1221 2119 1282 2143 aut
1309 2110 1459 2155 aliquam
1482 2109 1560 2154 ejus
1589 2119 1725 2156 partem
1751 2109 1816 2144 fine
1842 2107 2039 2150 hujusmodi
2068 2108 2208 2144 licentia
2234 2109 2360 2156 impri-

355 2158 452 2199 mere
466 2172 475 2187 ,
495 2158 556 2182 aut
576 2150 620 2186 ab
636 2151 711 2185 aliis
730 2153 925 2197 impressum
950 2156 1102 2191 vendere
1117 2181 1128 2197 ‚
1147 2157 1200 2191 seu
1217 2160 1334 2193 venale
1352 2159 1480 2196 habere
1493 2184 1504 2200 ,
1521 2160 1574 2195 vel
1588 2170 1783 2205 proponere
1808 2157 2063 2205 quoquomodo
2094 2159 2245 2193 audeant
2261 2183 2272 2200 2
2299 2163 2356 2194 iffi

356 2200 589 2243 praesumant.
616 2202 822 2238 mandantes
844 2215 1029 2249 propterea
1054 2207 1189 2242 dileffiis
1216 2207 1297 2242 filiis
1322 2208 1470 2247 nostris,
1488 2212 1521 2243 δε
1539 2209 1742 2256 Apostolicae
1770 2210 1868 2243 Sedis
1891 2209 1934 2241 de
1961 2208 2084 2242 Latere
2106 2208 2246 2254 Legatis
2262 2231 2273 2248 ,
2301 2208 2358 2244 seu

356 2257 479 2281 eorum
509 2248 784 2297 vicelegatis,
805 2263 865 2289 aut
893 2253 1178 2297 Prot-sidentibus,
1211 2257 1516 2296 Gubernatoribus
1542 2283 1552 2299 ‚
1580 2259 1816 2298 Praetoribus,
1844 2257 1984 2303 aliisque
2011 2256 2146 2299 justitiae
2170 2256 2354 2298 Ministris,

351 2297 615 2334 Provinciarum
629 2324 639 2340 ‚
658 2302 855 2337 civitatum
873 2327 884 2344 ,
897 2305 1084 2339 Terrarum
1102 2331 1113 2345 ,
1137 2311 1169 2342 &
1189 2309 1361 2343 Locorum
1378 2312 1495 2345 Status
1511 2309 1626 2344 Nostri
1655 2306 1876 2343 Ecclesiastici
1897 2306 2050 2352 praediffi
2064 2330 2074 2346 ,
2102 2316 2274 2351 quatenus
2306 2308 2358 2343 ei-

355 2346 437 2381 dem
455 2347 588 2382 carolo
601 2373 612 2390 ,
631 2350 686 2384 seu
705 2351 749 2387 ab
764 2364 806 2386 eo
822 2354 957 2388 causam
973 2354 1180 2393 habentibus
1196 2357 1367 2400 praedistis
1385 2384 1394 2398 ‚
1411 2360 1444 2392 in
1459 2358 1631 2404 praemiffis
1647 2357 1795 2392 efficacis
1811 2354 2014 2391 defenfionis
2031 2355 2185 2399 praefidio
2207 2356 2358 2392 affisten-

353 2406 410 2430 tes
424 2421 435 2437 ,
447 2397 744 2445 quandocumque
758 2402 801 2438 ab
818 2404 944 2438 eodem
962 2404 1095 2440 Carolo
1110 2407 1263 2452 requisiti
1288 2407 1415 2442 fuerint
1430 2420 1550 2454 poenas
1567 2408 1746 2452 praedifflas
1762 2416 1884 2441 contra
1899 2405 2132 2451 quoscumque
2150 2405 2357 2443 inobedien-

351 2454 406 2480 tes
424 2446 690 2484 irremifibiliter
708 2463 920 2498 exequantur
936 2477 944 2486 .
963 2457 1042 2490 Non
1059 2455 1276 2491 obstantibus
1304 2458 1621 2495 Constitutionibus
1636 2482 1646 2498 ,
1674 2461 1706 2491 &
1734 2454 2028 2491 ordinationibus
2056 2455 2263 2500 Apolizilici's
2278 2481 2289 2497 ‚
2315 2468 2355 2492 ac

351 2495 533 2541 quibusvis
549 2498 686 2533 statutis
704 2524 714 2539 ‚
731 2505 761 2546 δι
777 2502 1087 2540 consuetudinibus
1111 2508 1217 2541 etiam
1233 2506 1433 2549 juramento
1451 2533 1459 2550 ,
1475 2506 1742 2543 confirmatione
1768 2503 1970 2550 Apostolxca
1987 2529 1996 2543 »
2025 2505 2078 2538 vel
2105 2507 2228 2550 quavis
2244 2504 2357 2541 firmi-

351 2555 424 2579 tate
439 2547 508 2581 alia
524 2547 727 2589 roboratis3
746 2552 938 2597 privilegiis
955 2565 1093 2599 quoque
1110 2580 1120 2595 ‚
1141 2556 1311 2596 indultis,
1333 2561 1366 2591 δε
1392 2559 1503 2593 literis
1527 2555 1739 2603 Apostolicis
1768 2555 1800 2588 in
1829 2556 2044 2588 contrarium
2072 2554 2349 2599 praemissorum..

349 2597 620 2639 quomodolibet
636 2601 801 2633 concessis
817 2625 827 2641 ‚
842 2601 1058 2637 confirmatis
1072 2629 1083 2644 ,
1098 2606 1323 2641 &innovatis
1337 2633 1346 2642 .
1363 2607 1502 2652 Quibus
1519 2606 1684 2642 omnibus
1700 2629 1710 2646 ,
1726 2608 1758 2639 &
1785 2602 1921 2651 singulis
1949 2603 2087 2639 illorum
2103 2613 2243 2639 tenores
2266 2617 2353 2650 pra:-

350 2644 501 2681 sentibus
529 2658 592 2692 pro
610 2647 707 2692 plene
720 2672 730 2689 ,
744 2653 775 2683 &
792 2650 958 2685 sufficient
968 2653 1006 2687 er
1022 2654 1184 2698 expressis
1201 2679 1210 2693 ,
1229 2666 1268 2689 ac
1286 2657 1328 2691 de
1347 2651 1453 2693 verbo
1469 2658 1513 2692 ad
1536 2656 1681 2690 verbum
1699 2654 1831 2689 insertis
1846 2653 2012 2689 habentes
2030 2676 2041 2693 ,
2056 2654 2124 2688 iilis
2139 2654 2224 2689 alias
2240 2655 2271 2688 in
2291 2655 2351 2690 suo

352 2696 480 2729 robore
508 2697 737 2740 permansuris
751 2700 795 2733 ad
812 2701 1058 2745 praemiffornm
1085 2703 1243 2738 effeerum
1268 2706 1329 2740 bac
1349 2707 1422 2740 vice
1437 2707 1623 2742 dumtaxat
1651 2704 1844 2749 specialiter
1859 2728 1869 2743 ,
1892 2707 1924 2737 &
1939 2703 2097 2747 expresse
2113 2704 2350 2749 derogamus,

348 2743 546 2789 caeterisque
559 2748 751 2782 contrariis
765 2749 1062 2797 quibuscumque.
1082 2754 1255 2788 Volumus
1280 2765 1420 2795 autem,
1449 2766 1487 2791 ut
1514 2753 1727 2801 praesentium
1757 2755 1937 2788 literarum
1963 2752 2184 2800 transumptis
2211 2754 2350 2790 eriam..

350 2794 384 2828 in
399 2793 472 2838 ipso
488 2796 604 2840 Opere
620 2821 630 2837 ,
647 2798 701 2831 seu
718 2798 832 2834 Libris
852 2800 1021 2843 impressis
1047 2814 1149 2838 manu
1166 2803 1308 2845 alicujus
1334 2799 1472 2840 Notarii
1490 2803 1621 2851 publici
1638 2804 1835 2847 subscriptis
1850 2827 1860 2842 ,
1887 2806 1918 2837 δι
1935 2801 2043 2849 sigillo
2074 2803 2220 2848 personat
2233 2803 2266 2837 in
2282 2805 2350 2838 Ec—

347 2842 529 2878 clesiastica
547 2846 718 2891 dignitate
740 2850 934 2888 constitutae
954 2853 1099 2888 munitis
1114 2878 1123 2892 ‚
1139 2854 1261 2886 eadem
1277 2855 1414 2898 prorsus
1442 2853 1529 2889 fides
1547 2854 1577 2888 in
1592 2853 1725 2896 judicio
1744 2857 1776 2887 δι
1791 2863 1888 2888 extra
1904 2852 2115 2888 adhibeatur
2131 2877 2142 2894 ,
2156 2863 2230 2899 quae
2246 2853 2349 2889 adbi-

348 2892 491 2929 beretur
509 2893 587 2938 ipsis
613 2896 835 2939 praesentibus
856 2924 865 2939 ‚
883 2899 903 2933 li
919 2900 1030 2936 forent
1049 2902 1212 2938 exhibitae
1226 2926 1235 2940 ‚
1255 2904 1306 2937 vel
1324 2902 1456 2938 olienl'ae
1471 2931 1479 2940 .
1509 2907 1644 2940 Datum
1665 2906 1783 2938 Romae
1797 2903 1888 2948 apud
1902 2903 2056 2937 §anetam
2071 2904 2217 2938 Mariam
2237 2902 2353 2947 Majo-

351 2953 425 2978 rem
445 2942 504 2980 sub
532 2948 666 2980 Annulo
691 2946 873 2984 Pis-catoris
898 2950 955 2986 die
970 2954 1045 2987 XX.
1063 2952 1279 2999 Septembris
1296 2955 1576 2990 MDCCXLVII.
1598 2953 1824 2989 Pontificatus
1840 2951 1958 2987 Nostri
1986 2955 2085 2986 Anno
2102 2953 2262 2989 oecavo.

1431 3106 1500 3159 D.
1521 3101 1819 3161 cardinalis
1856 3101 2157 3157 Passioneus
2178 3140 2190 3152 .

2144 3405 2348 3442 INDEX

2409 764 2413 848 i

2410 855 2414 916 l

2411 923 2414 972 ι

2411 973 2415 1046 l
