<?xml version="1.0" encoding="UTF-8"?>
<!DOCTYPE html PUBLIC "-//W3C//DTD XHTML 1.0 Transitional//EN"
    "http://www.w3.org/TR/xhtml1/DTD/xhtml1-transitional.dtd">
<html xmlns="http://www.w3.org/1999/xhtml" xml:lang="en" lang="en">
 <head>
  <title>
</title>
<meta http-equiv="Content-Type" content="text/html;charset=utf-8" />
  <meta name='ocr-system' content='tesseract 3.04.00' />
  <meta name='ocr-capabilities' content='ocr_page ocr_carea ocr_par ocr_line ocrx_word'/>
</head>
<body>
  <div class='ocr_page' id='page_1' title='image "./joannisciampinir01ciam_0133.png"; bbox 0 0 2425 3747; ppageno 0'>
   <div class='ocr_carea' id='block_1_1' title="bbox 742 227 1435 288">
    <p class='ocr_par' dir='ltr' id='par_1_1' title="bbox 742 227 1435 288">
     <span class='ocr_line' id='line_1_1' title="bbox 742 227 1435 288; baseline -0.012 0"><span class='ocrx_word' id='word_1_1' title='bbox 742 227 1435 288; x_wconf 78' lang='lat' dir='ltr'><strong><em>CAPvT‘VI.</em></strong></span> 
     </span>
    </p>
   </div>
   <div class='ocr_carea' id='block_1_2' title="bbox 27 304 1049 1782">
    <p class='ocr_par' dir='ltr' id='par_1_2' title="bbox 27 304 1049 1782">
     <span class='ocr_line' id='line_1_2' title="bbox 70 304 1046 375; baseline -0.005 -17"><span class='ocrx_word' id='word_1_2' title='bbox 70 308 255 375; x_wconf 67' lang='lat' dir='ltr'><strong>Figurae</strong></span> <span class='ocrx_word' id='word_1_3' title='bbox 282 309 307 358; x_wconf 71' lang='lat' dir='ltr'><strong>a</strong></span> <span class='ocrx_word' id='word_1_4' title='bbox 327 308 531 365; x_wconf 80' lang='lat' dir='ltr'>dextris,</span> <span class='ocrx_word' id='word_1_5' title='bbox 555 304 854 371; x_wconf 82' lang='lat' dir='ltr'><strong>totidemque</strong></span> <span class='ocrx_word' id='word_1_6' title='bbox 873 304 921 351; x_wconf 87' lang='lat' dir='ltr'><strong>in</strong></span> <span class='ocrx_word' id='word_1_7' title='bbox 941 320 1046 353; x_wconf 88' lang='lat' dir='ltr'><strong>aere</strong></span> 
     </span>
     <span class='ocr_line' id='line_1_3' title="bbox 72 372 1045 446; baseline -0.004 -19"><span class='ocrx_word' id='word_1_8' title='bbox 72 379 247 445; x_wconf 84' lang='lat' dir='ltr'><strong>Angeli</strong></span> <span class='ocrx_word' id='word_1_9' title='bbox 260 416 276 436; x_wconf 89' lang='lat'><strong>,</strong></span> <span class='ocrx_word' id='word_1_10' title='bbox 293 380 374 446; x_wconf 85' lang='lat' dir='ltr'><strong>qui</strong></span> <span class='ocrx_word' id='word_1_11' title='bbox 390 394 553 427; x_wconf 90' lang='lat' dir='ltr'><strong>omnes</strong></span> <span class='ocrx_word' id='word_1_12' title='bbox 569 372 821 444; x_wconf 83' lang='lat' dir='ltr'><strong>Magistri,</strong></span> <span class='ocrx_word' id='word_1_13' title='bbox 839 375 888 424; x_wconf 85' lang='lat'>&amp;</span> <span class='ocrx_word' id='word_1_14' title='bbox 904 377 1045 424; x_wconf 87' lang='lat' dir='ltr'><strong>Crea-</strong></span> 
     </span>
     <span class='ocr_line' id='line_1_4' title="bbox 27 443 1046 498; baseline -0.004 -2"><span class='ocrx_word' id='word_1_15' title='bbox 27 482 38 488; x_wconf 82' lang='lat'>-</span> <span class='ocrx_word' id='word_1_16' title='bbox 69 452 186 496; x_wconf 88' lang='lat' dir='ltr'><strong>toris</strong></span> <span class='ocrx_word' id='word_1_17' title='bbox 206 448 276 496; x_wconf 90' lang='lat' dir='ltr'><strong>sui</strong></span> <span class='ocrx_word' id='word_1_18' title='bbox 308 443 658 498; x_wconf 63' lang='lat' dir='ltr'><strong>acerbissimum</strong></span> <span class='ocrx_word' id='word_1_19' title='bbox 680 443 820 494; x_wconf 81' lang='lat' dir='ltr'><strong>funus</strong></span> <span class='ocrx_word' id='word_1_20' title='bbox 839 447 1046 494; x_wconf 88' lang='lat' dir='ltr'><strong>commi-</strong></span> 
     </span>
     <span class='ocr_line' id='line_1_5' title="bbox 69 516 321 569; baseline 0 -3"><span class='ocrx_word' id='word_1_21' title='bbox 69 516 287 569; x_wconf 82' lang='lat' dir='ltr'><strong>serantur</strong></span> <span class='ocrx_word' id='word_1_22' title='bbox 309 556 321 566; x_wconf 84' lang='lat'><strong>.</strong></span> 
     </span>
     <span class='ocr_line' id='line_1_6' title="bbox 153 584 1047 653; baseline -0.007 -14"><span class='ocrx_word' id='word_1_23' title='bbox 153 594 214 639; x_wconf 86' lang='lat' dir='ltr'><strong>R.</strong></span> <span class='ocrx_word' id='word_1_24' title='bbox 253 595 308 639; x_wconf 90' lang='lat' dir='ltr'><strong>In</strong></span> <span class='ocrx_word' id='word_1_25' title='bbox 349 588 538 637; x_wconf 87' lang='lat' dir='ltr'><strong>decimo</strong></span> <span class='ocrx_word' id='word_1_26' title='bbox 578 584 781 653; x_wconf 84' lang='lat' dir='ltr'><strong>septimo</strong></span> <span class='ocrx_word' id='word_1_27' title='bbox 817 586 1047 652; x_wconf 84' lang='lat' dir='ltr'><strong>quadrato</strong></span> 
     </span>
     <span class='ocr_line' id='line_1_7' title="bbox 73 657 1043 731; baseline -0.009 -20"><span class='ocrx_word' id='word_1_28' title='bbox 73 662 276 731; x_wconf 83' lang='lat' dir='ltr'><strong>legitur:</strong></span> <span class='ocrx_word' id='word_1_29' title='bbox 329 657 789 708; x_wconf 79' lang='lat' dir='ltr'>DESPOLIATIO</span> <span class='ocrx_word' id='word_1_30' title='bbox 826 659 1043 706; x_wconf 84' lang='lat' dir='ltr'>INFER.</span> 
     </span>
     <span class='ocr_line' id='line_1_8' title="bbox 67 724 1045 797; baseline -0.007 -17"><span class='ocrx_word' id='word_1_31' title='bbox 67 733 247 780; x_wconf 83' lang='lat' dir='ltr'><strong>scilicet</strong></span> <span class='ocrx_word' id='word_1_32' title='bbox 262 727 503 797; x_wconf 75' lang='lat' dir='ltr'><strong>Inftrorum</strong></span> <span class='ocrx_word' id='word_1_33' title='bbox 522 750 533 777; x_wconf 74' lang='lat' dir='ltr'><strong><em>z</em></strong></span> <span class='ocrx_word' id='word_1_34' title='bbox 573 729 955 796; x_wconf 76' lang='lat' dir='ltr'>exprimiturque</span> <span class='ocrx_word' id='word_1_35' title='bbox 977 724 1045 774; x_wconf 86' lang='lat' dir='ltr'><strong>sat</strong></span> 
     </span>
     <span class='ocr_line' id='line_1_9' title="bbox 65 795 1045 866; baseline -0.004 -15"><span class='ocrx_word' id='word_1_36' title='bbox 65 801 338 851; x_wconf 83' lang='lat' dir='ltr'><strong>luculenter</strong></span> <span class='ocrx_word' id='word_1_37' title='bbox 352 801 581 848; x_wconf 77' lang='lat' dir='ltr'><strong>articulus</strong></span> <span class='ocrx_word' id='word_1_38' title='bbox 599 797 824 863; x_wconf 82' lang='lat' dir='ltr'><strong>Symboli</strong></span> <span class='ocrx_word' id='word_1_39' title='bbox 840 795 1045 866; x_wconf 86' lang='lat' dir='ltr'><strong>Aposto-</strong></span> 
     </span>
     <span class='ocr_line' id='line_1_10' title="bbox 66 866 1043 941; baseline -0.005 -20"><span class='ocrx_word' id='word_1_40' title='bbox 66 872 148 921; x_wconf 88' lang='lat' dir='ltr'><strong>lici</strong></span> <span class='ocrx_word' id='word_1_41' title='bbox 168 906 185 927; x_wconf 89' lang='lat'><strong><em>,</em></strong></span> <span class='ocrx_word' id='word_1_42' title='bbox 221 872 457 941; x_wconf 65' lang='lat' dir='ltr'><strong>Dcstendit</strong></span> <span class='ocrx_word' id='word_1_43' title='bbox 478 866 713 938; x_wconf 64' lang='lat' dir='ltr'><strong>aclIazfiros</strong></span> <span class='ocrx_word' id='word_1_44' title='bbox 728 905 743 927; x_wconf 87' lang='lat'><strong><em>,</em></strong></span> <span class='ocrx_word' id='word_1_45' title='bbox 763 886 908 935; x_wconf 87' lang='lat' dir='ltr'><strong>quem</strong></span> <span class='ocrx_word' id='word_1_46' title='bbox 928 871 1043 917; x_wconf 86' lang='lat' dir='ltr'><strong>Bea-</strong></span> 
     </span>
     <span class='ocr_line' id='line_1_11' title="bbox 63 935 1043 1007; baseline -0.003 -18"><span class='ocrx_word' id='word_1_47' title='bbox 63 955 140 990; x_wconf 86' lang='lat' dir='ltr'><strong>tus</strong></span> <span class='ocrx_word' id='word_1_48' title='bbox 163 943 321 989; x_wconf 90' lang='lat' dir='ltr'><strong>Bruno</strong></span> <span class='ocrx_word' id='word_1_49' title='bbox 334 938 696 1007; x_wconf 82' lang='lat' dir='ltr'><strong>Herbipolenfis</strong></span> <span class='ocrx_word' id='word_1_50' title='bbox 708 937 967 1007; x_wconf 78' lang='lat' dir='ltr'><strong>Episcopus</strong></span> <span class='ocrx_word' id='word_1_51' title='bbox 982 935 1043 987; x_wconf 87' lang='lat' dir='ltr'><strong>fic</strong></span> 
     </span>
     <span class='ocr_line' id='line_1_12' title="bbox 65 1009 1044 1079; baseline -0.002 -20"><span class='ocrx_word' id='word_1_52' title='bbox 65 1013 265 1079; x_wconf 84' lang='lat' dir='ltr'><strong>exponit</strong></span> <span class='ocrx_word' id='word_1_53' title='bbox 280 1046 290 1056; x_wconf 89' lang='lat'><strong>.</strong></span> <span class='ocrx_word' id='word_1_54' title='bbox 330 1010 567 1078; x_wconf 76' lang='lat' dir='ltr'><em>Descendit</em></span> <span class='ocrx_word' id='word_1_55' title='bbox 593 1011 653 1058; x_wconf 80' lang='lat' dir='ltr'><strong>ad</strong></span> <span class='ocrx_word' id='word_1_56' title='bbox 666 1009 843 1079; x_wconf 78' lang='lat' dir='ltr'><strong>inftrna</strong></span> <span class='ocrx_word' id='word_1_57' title='bbox 860 1044 875 1066; x_wconf 85' lang='lat'><strong>,</strong></span> <span class='ocrx_word' id='word_1_58' title='bbox 912 1015 1044 1059; x_wconf 78' lang='lat' dir='ltr'><strong>tertia</strong></span> 
     </span>
     <span class='ocr_line' id='line_1_13' title="bbox 63 1081 1044 1148; baseline -0.002 -16"><span class='ocrx_word' id='word_1_59' title='bbox 63 1083 137 1132; x_wconf 86' lang='lat' dir='ltr'><strong>die</strong></span> <span class='ocrx_word' id='word_1_60' title='bbox 158 1081 402 1148; x_wconf 81' lang='lat' dir='ltr'><em>resurrexit</em></span> <span class='ocrx_word' id='word_1_61' title='bbox 435 1087 461 1130; x_wconf 67' lang='lat' dir='ltr'><strong>r}</strong></span> <span class='ocrx_word' id='word_1_62' title='bbox 495 1086 698 1130; x_wconf 76' lang='lat' dir='ltr'><strong>mortuis:</strong></span> <span class='ocrx_word' id='word_1_63' title='bbox 737 1094 791 1131; x_wconf 60' lang='grc' dir='ltr'><em>Θ</em></span> <span class='ocrx_word' id='word_1_64' title='bbox 810 1096 1044 1130; x_wconf 52' lang='lat' dir='ltr'><strong>manente„</strong></span> 
     </span>
     <span class='ocr_line' id='line_1_14' title="bbox 61 1151 1044 1219; baseline -0.001 -18"><span class='ocrx_word' id='word_1_65' title='bbox 61 1165 229 1217; x_wconf 84' lang='lat' dir='ltr'><strong>corpore</strong></span> <span class='ocrx_word' id='word_1_66' title='bbox 256 1153 537 1219; x_wconf 68' lang='lat' dir='ltr'><strong>insbpulchro</strong></span> <span class='ocrx_word' id='word_1_67' title='bbox 552 1187 568 1208; x_wconf 90' lang='lat'><strong><em>,</em></strong></span> <span class='ocrx_word' id='word_1_68' title='bbox 594 1151 760 1202; x_wconf 72' lang='lat' dir='ltr'><strong>Anima</strong></span> <span class='ocrx_word' id='word_1_69' title='bbox 782 1155 873 1215; x_wconf 73' lang='lat' dir='ltr'><strong>ejus</strong></span> <span class='ocrx_word' id='word_1_70' title='bbox 902 1151 961 1199; x_wconf 82' lang='lat' dir='ltr'><strong>ad</strong></span> <span class='ocrx_word' id='word_1_71' title='bbox 975 1157 1044 1200; x_wconf 87' lang='lat' dir='ltr'><strong>in-</strong></span> 
     </span>
     <span class='ocr_line' id='line_1_15' title="bbox 47 1220 1043 1291; baseline -0.004 -22"><span class='ocrx_word' id='word_1_72' title='bbox 47 1221 186 1291; x_wconf 75' lang='lat' dir='ltr'><strong>ferna</strong></span> <span class='ocrx_word' id='word_1_73' title='bbox 202 1221 447 1291; x_wconf 72' lang='lat' dir='ltr'><strong>descendit:</strong></span> <span class='ocrx_word' id='word_1_74' title='bbox 484 1225 535 1272; x_wconf 84' lang='lat' dir='ltr'><strong>de</strong></span> <span class='ocrx_word' id='word_1_75' title='bbox 560 1241 637 1288; x_wconf 78' lang='lat' dir='ltr'><strong>quo</strong></span> <span class='ocrx_word' id='word_1_76' title='bbox 662 1220 835 1290; x_wconf 75' lang='lat' dir='ltr'><strong>infirno</strong></span> <span class='ocrx_word' id='word_1_77' title='bbox 850 1221 934 1269; x_wconf 55' lang='grc' dir='ltr'><strong>ΣΧ.</strong></span> <span class='ocrx_word' id='word_1_78' title='bbox 955 1223 1043 1272; x_wconf 79' lang='lat' dir='ltr'><strong>Pa-</strong></span> 
     </span>
     <span class='ocr_line' id='line_1_16' title="bbox 60 1289 1046 1361; baseline -0.004 -21"><span class='ocrx_word' id='word_1_79' title='bbox 60 1294 306 1350; x_wconf 69' lang='lat' dir='ltr'><strong>triarchas,</strong></span> <span class='ocrx_word' id='word_1_80' title='bbox 326 1295 500 1361; x_wconf 59' lang='lat' dir='ltr'><em>fodicet</em></span> <span class='ocrx_word' id='word_1_81' title='bbox 521 1291 747 1341; x_wconf 77' lang='lat' dir='ltr'><strong>Abraham</strong></span> <span class='ocrx_word' id='word_1_82' title='bbox 768 1328 782 1348; x_wconf 89' lang='lat'>,</span> <span class='ocrx_word' id='word_1_83' title='bbox 822 1289 940 1359; x_wconf 70' lang='lat' dir='ltr'><strong>Isaac</strong></span> <span class='ocrx_word' id='word_1_84' title='bbox 955 1328 970 1349; x_wconf 89' lang='lat'>‚</span> <span class='ocrx_word' id='word_1_85' title='bbox 992 1300 1046 1342; x_wconf 62' lang='grc' dir='ltr'><strong>Φ·</strong></span> 
     </span>
     <span class='ocr_line' id='line_1_17' title="bbox 59 1361 1044 1432; baseline -0.004 -18"><span class='ocrx_word' id='word_1_86' title='bbox 59 1361 214 1431; x_wconf 56' lang='lat' dir='ltr'><strong>Jacob</strong></span> <span class='ocrx_word' id='word_1_87' title='bbox 229 1399 245 1420; x_wconf 91' lang='lat'><strong><em>,</em></strong></span> <span class='ocrx_word' id='word_1_88' title='bbox 277 1366 331 1413; x_wconf 64' lang='lat'><strong>&amp;⁴</strong></span> <span class='ocrx_word' id='word_1_89' title='bbox 350 1363 434 1412; x_wconf 79' lang='lat' dir='ltr'><strong>SS.</strong></span> <span class='ocrx_word' id='word_1_90' title='bbox 455 1363 692 1428; x_wconf 79' lang='lat' dir='ltr'><em>Prophetas</em></span> <span class='ocrx_word' id='word_1_91' title='bbox 713 1362 888 1432; x_wconf 66' lang='lat' dir='ltr'><strong>Esaiam</strong></span> <span class='ocrx_word' id='word_1_92' title='bbox 907 1397 923 1418; x_wconf 88' lang='lat'>‚</span> <span class='ocrx_word' id='word_1_93' title='bbox 950 1362 1044 1430; x_wconf 67' lang='lat' dir='ltr'><strong>(Je-</strong></span> 
     </span>
     <span class='ocr_line' id='line_1_18' title="bbox 59 1435 1047 1500; baseline -0.002 -16"><span class='ocrx_word' id='word_1_94' title='bbox 59 1438 240 1484; x_wconf 77' lang='lat' dir='ltr'><strong>remiam</strong></span> <span class='ocrx_word' id='word_1_95' title='bbox 255 1468 271 1489; x_wconf 88' lang='lat'><strong><em>,</em></strong></span> <span class='ocrx_word' id='word_1_96' title='bbox 301 1439 354 1483; x_wconf 63' lang='grc' dir='ltr'><strong>Θ·</strong></span> <span class='ocrx_word' id='word_1_97' title='bbox 374 1435 583 1500; x_wconf 77' lang='lat' dir='ltr'><strong>reliquos:</strong></span> <span class='ocrx_word' id='word_1_98' title='bbox 621 1435 676 1483; x_wconf 67' lang='lat'><strong>&amp;-</strong></span> <span class='ocrx_word' id='word_1_99' title='bbox 693 1450 855 1482; x_wconf 82' lang='lat' dir='ltr'><strong>caeteros</strong></span> <span class='ocrx_word' id='word_1_100' title='bbox 875 1451 1016 1482; x_wconf 83' lang='lat' dir='ltr'><strong>omnes</strong></span> <span class='ocrx_word' id='word_1_101' title='bbox 1031 1467 1047 1489; x_wconf 85' lang='grc'>,</span> 
     </span>
     <span class='ocr_line' id='line_1_19' title="bbox 60 1503 1048 1573; baseline -0.001 -20"><span class='ocrx_word' id='word_1_102' title='bbox 60 1524 160 1573; x_wconf 82' lang='lat' dir='ltr'><strong>quos</strong></span> <span class='ocrx_word' id='word_1_103' title='bbox 177 1507 334 1570; x_wconf 77' lang='lat' dir='ltr'><strong>elegit,</strong></span> <span class='ocrx_word' id='word_1_104' title='bbox 360 1504 692 1572; x_wconf 82' lang='lat' dir='ltr'><em>misericorditer</em></span> <span class='ocrx_word' id='word_1_105' title='bbox 716 1503 936 1554; x_wconf 79' lang='lat' dir='ltr'><strong>liberavit</strong></span> <span class='ocrx_word' id='word_1_106' title='bbox 951 1540 966 1561; x_wconf 86' lang='lat'>‚</span> <span class='ocrx_word' id='word_1_107' title='bbox 993 1506 1048 1552; x_wconf 62' lang='grc' dir='ltr'><strong>Θ*</strong></span> 
     </span>
     <span class='ocr_line' id='line_1_20' title="bbox 60 1571 1049 1644; baseline -0.005 -20"><span class='ocrx_word' id='word_1_108' title='bbox 60 1579 198 1628; x_wconf 80' lang='lat' dir='ltr'><strong>tertia</strong></span> <span class='ocrx_word' id='word_1_109' title='bbox 224 1575 296 1624; x_wconf 79' lang='lat' dir='ltr'><strong>die</strong></span> <span class='ocrx_word' id='word_1_110' title='bbox 323 1575 475 1624; x_wconf 68' lang='lat' dir='ltr'><em>viHor</em></span> <span class='ocrx_word' id='word_1_111' title='bbox 503 1577 745 1644; x_wconf 76' lang='lat' dir='ltr'><strong>refitrrexic</strong></span> <span class='ocrx_word' id='word_1_112' title='bbox 769 1611 779 1620; x_wconf 90' lang='lat'><strong>.</strong></span> <span class='ocrx_word' id='word_1_113' title='bbox 820 1571 1049 1623; x_wconf 76' lang='lat' dir='ltr'><strong>Consistit</strong></span> 
     </span>
     <span class='ocr_line' id='line_1_21' title="bbox 63 1642 1047 1694; baseline -0.001 -2"><span class='ocrx_word' id='word_1_114' title='bbox 63 1645 114 1693; x_wconf 86' lang='lat' dir='ltr'><strong>in</strong></span> <span class='ocrx_word' id='word_1_115' title='bbox 132 1642 291 1691; x_wconf 85' lang='lat' dir='ltr'><strong>medio</strong></span> <span class='ocrx_word' id='word_1_116' title='bbox 316 1643 528 1692; x_wconf 74' lang='lat' dir='ltr'><strong>Christus</strong></span> <span class='ocrx_word' id='word_1_117' title='bbox 557 1643 736 1692; x_wconf 59' lang='lat' dir='ltr'><strong>linistrd</strong></span> <span class='ocrx_word' id='word_1_118' title='bbox 756 1663 903 1693; x_wconf 85' lang='lat' dir='ltr'><strong>manu</strong></span> <span class='ocrx_word' id='word_1_119' title='bbox 927 1648 1047 1694; x_wconf 86' lang='lat' dir='ltr'><strong>Cru-</strong></span> 
     </span>
     <span class='ocr_line' id='line_1_22' title="bbox 65 1711 1047 1782; baseline -0.001 -20"><span class='ocrx_word' id='word_1_120' title='bbox 65 1731 171 1762; x_wconf 88' lang='lat' dir='ltr'><strong>cem</strong></span> <span class='ocrx_word' id='word_1_121' title='bbox 183 1749 199 1770; x_wconf 88' lang='lat'><em>,</em></span> <span class='ocrx_word' id='word_1_122' title='bbox 215 1711 346 1779; x_wconf 76' lang='lat' dir='ltr'><strong>quasi</strong></span> <span class='ocrx_word' id='word_1_123' title='bbox 370 1713 580 1761; x_wconf 67' lang='lat' dir='ltr'><strong>vistoriae</strong></span> <span class='ocrx_word' id='word_1_124' title='bbox 596 1715 863 1782; x_wconf 63' lang='lat' dir='ltr'><strong>trophaeum</strong></span> <span class='ocrx_word' id='word_1_125' title='bbox 879 1713 1047 1763; x_wconf 85' lang='lat' dir='ltr'><strong>ferens:</strong></span> 
     </span>
    </p>
   </div>
   <div class='ocr_carea' id='block_1_3' title="bbox 61 1781 1051 1919">
    <p class='ocr_par' dir='ltr' id='par_1_3' title="bbox 61 1781 1051 1919">
     <span class='ocr_line' id='line_1_23' title="bbox 63 1781 1049 1853; baseline -0.003 -20"><span class='ocrx_word' id='word_1_126' title='bbox 63 1783 311 1832; x_wconf 65' lang='lat' dir='ltr'><strong>dexteram</strong></span> <span class='ocrx_word' id='word_1_127' title='bbox 328 1783 447 1831; x_wconf 76' lang='lat' dir='ltr'><strong>vero</strong></span> <span class='ocrx_word' id='word_1_128' title='bbox 470 1781 756 1849; x_wconf 83' lang='lat' dir='ltr'><strong>quibusdam</strong></span> <span class='ocrx_word' id='word_1_129' title='bbox 773 1787 1049 1853; x_wconf 81' lang='lat' dir='ltr'><strong>porrigens,</strong></span> 
     </span>
     <span class='ocr_line' id='line_1_24' title="bbox 61 1851 1051 1919; baseline -0.01 -20"><span class='ocrx_word' id='word_1_130' title='bbox 61 1871 178 1919; x_wconf 87' lang='lat' dir='ltr'><strong>quos</strong></span> <span class='ocrx_word' id='word_1_131' title='bbox 212 1868 269 1897; x_wconf 82' lang='lat' dir='ltr'><strong>ex</strong></span> <span class='ocrx_word' id='word_1_132' title='bbox 300 1865 470 1902; x_wconf 84' lang='lat' dir='ltr'><strong>antro,</strong></span> <span class='ocrx_word' id='word_1_133' title='bbox 509 1851 605 1892; x_wconf 72' lang='lat' dir='ltr'><strong>five</strong></span> <span class='ocrx_word' id='word_1_134' title='bbox 635 1853 858 1912; x_wconf 52' lang='lat' dir='ltr'><strong>spelman}</strong></span> <span class='ocrx_word' id='word_1_135' title='bbox 899 1854 1051 1894; x_wconf 61' lang='lat' dir='ltr'><strong>Aesim</strong></span> 
     </span>
    </p>
   </div>
   <div class='ocr_carea' id='block_1_4' title="bbox 2 1911 1054 3372">
    <p class='ocr_par' dir='ltr' id='par_1_4' title="bbox 2 1911 1052 2479">
     <span class='ocr_line' id='line_1_25' title="bbox 64 1911 1049 1984; baseline -0.008 -16"><span class='ocrx_word' id='word_1_136' title='bbox 64 1923 134 1969; x_wconf 84' lang='lat' dir='ltr'><strong>cit</strong></span> <span class='ocrx_word' id='word_1_137' title='bbox 155 1957 165 1966; x_wconf 93' lang='lat'><strong>.</strong></span> <span class='ocrx_word' id='word_1_138' title='bbox 205 1916 286 1966; x_wconf 84' lang='lat' dir='ltr'><strong>Ad</strong></span> <span class='ocrx_word' id='word_1_139' title='bbox 319 1922 417 1982; x_wconf 88' lang='lat' dir='ltr'><strong>ejus</strong></span> <span class='ocrx_word' id='word_1_140' title='bbox 445 1913 589 1984; x_wconf 86' lang='lat' dir='ltr'><strong>pedes</strong></span> <span class='ocrx_word' id='word_1_141' title='bbox 616 1916 814 1981; x_wconf 85' lang='lat' dir='ltr'><strong>quidam</strong></span> <span class='ocrx_word' id='word_1_142' title='bbox 846 1911 1049 1982; x_wconf 86' lang='lat' dir='ltr'><strong>prostra-</strong></span> 
     </span>
     <span class='ocr_line' id='line_1_26' title="bbox 63 1980 1052 2052; baseline -0.007 -14"><span class='ocrx_word' id='word_1_143' title='bbox 63 2005 140 2038; x_wconf 84' lang='lat' dir='ltr'><strong>tus</strong></span> <span class='ocrx_word' id='word_1_144' title='bbox 157 1995 281 2052; x_wconf 88' lang='lat' dir='ltr'><strong>jacet</strong></span> <span class='ocrx_word' id='word_1_145' title='bbox 300 2023 314 2044; x_wconf 92' lang='lat'>‚</span> <span class='ocrx_word' id='word_1_146' title='bbox 351 2005 446 2052; x_wconf 84' lang='lat' dir='ltr'><strong>quo</strong></span> <span class='ocrx_word' id='word_1_147' title='bbox 465 1981 658 2034; x_wconf 52' lang='lat' dir='ltr'><strong>fortasse</strong></span> <span class='ocrx_word' id='word_1_148' title='bbox 678 1980 853 2033; x_wconf 72' lang='lat' dir='ltr'><strong>artifex</strong></span> <span class='ocrx_word' id='word_1_149' title='bbox 872 1987 1052 2032; x_wconf 80' lang='lat' dir='ltr'><strong>animas</strong></span> 
     </span>
     <span class='ocr_line' id='line_1_27' title="bbox 63 2050 1048 2125; baseline -0.007 -16"><span class='ocrx_word' id='word_1_150' title='bbox 63 2061 376 2125; x_wconf 84' lang='lat' dir='ltr'><strong>antiquorum</strong></span> <span class='ocrx_word' id='word_1_151' title='bbox 410 2057 605 2103; x_wconf 87' lang='lat' dir='ltr'><strong>Patrum</strong></span> <span class='ocrx_word' id='word_1_152' title='bbox 638 2057 686 2102; x_wconf 88' lang='lat' dir='ltr'><strong>in</strong></span> <span class='ocrx_word' id='word_1_153' title='bbox 706 2050 865 2104; x_wconf 83' lang='lat' dir='ltr'><strong>inseris</strong></span> <span class='ocrx_word' id='word_1_154' title='bbox 894 2053 1048 2123; x_wconf 90' lang='lat' dir='ltr'><strong>quies-</strong></span> 
     </span>
     <span class='ocr_line' id='line_1_28' title="bbox 64 2124 1048 2194; baseline -0.004 -18"><span class='ocrx_word' id='word_1_155' title='bbox 64 2142 228 2179; x_wconf 82' lang='lat' dir='ltr'><strong>centes</strong></span> <span class='ocrx_word' id='word_1_156' title='bbox 258 2124 545 2194; x_wconf 83' lang='lat' dir='ltr'><strong>fignificavit</strong></span> <span class='ocrx_word' id='word_1_157' title='bbox 565 2161 576 2171; x_wconf 85' lang='lat'><strong>.</strong></span> <span class='ocrx_word' id='word_1_158' title='bbox 619 2129 666 2173; x_wconf 84' lang='lat' dir='ltr'><strong>A</strong></span> <span class='ocrx_word' id='word_1_159' title='bbox 698 2138 834 2193; x_wconf 84' lang='lat' dir='ltr'><strong>tergo</strong></span> <span class='ocrx_word' id='word_1_160' title='bbox 871 2124 1048 2176; x_wconf 85' lang='lat' dir='ltr'><strong>Christi</strong></span> 
     </span>
     <span class='ocr_line' id='line_1_29' title="bbox 2 2195 1048 2258; baseline -0.006 -8"><span class='ocrx_word' id='word_1_161' title='bbox 2 2225 9 2234; x_wconf 70' lang='grc'>’</span> <span class='ocrx_word' id='word_1_162' title='bbox 68 2199 270 2250; x_wconf 84' lang='lat' dir='ltr'><strong>Domini</strong></span> <span class='ocrx_word' id='word_1_163' title='bbox 303 2195 422 2244; x_wconf 84' lang='lat' dir='ltr'><strong>stant</strong></span> <span class='ocrx_word' id='word_1_164' title='bbox 443 2196 544 2244; x_wconf 79' lang='lat' dir='ltr'><strong>aliae</strong></span> <span class='ocrx_word' id='word_1_165' title='bbox 570 2197 739 2244; x_wconf 83' lang='lat' dir='ltr'><strong>animae</strong></span> <span class='ocrx_word' id='word_1_166' title='bbox 757 2201 853 2258; x_wconf 84' lang='lat' dir='ltr'><strong>jam</strong></span> <span class='ocrx_word' id='word_1_167' title='bbox 879 2199 903 2245; x_wconf 73' lang='grc' dir='ltr'>ὲ</span> <span class='ocrx_word' id='word_1_168' title='bbox 928 2196 1048 2245; x_wconf 85' lang='lat' dir='ltr'><strong>sera-</strong></span> 
     </span>
     <span class='ocr_line' id='line_1_30' title="bbox 67 2263 1050 2324; baseline -0.014 -5"><span class='ocrx_word' id='word_1_169' title='bbox 67 2269 192 2320; x_wconf 84' lang='lat' dir='ltr'><strong>libus</strong></span> <span class='ocrx_word' id='word_1_170' title='bbox 220 2269 386 2316; x_wconf 89' lang='lat' dir='ltr'><strong>mortis</strong></span> <span class='ocrx_word' id='word_1_171' title='bbox 415 2263 624 2314; x_wconf 84' lang='lat' dir='ltr'><strong>claustris</strong></span> <span class='ocrx_word' id='word_1_172' title='bbox 657 2266 839 2316; x_wconf 62' lang='lat' dir='ltr'><strong>edustae</strong></span> <span class='ocrx_word' id='word_1_173' title='bbox 865 2303 881 2324; x_wconf 88' lang='lat'>,</span> <span class='ocrx_word' id='word_1_174' title='bbox 919 2269 970 2316; x_wconf 86' lang='lat'>&amp;</span> <span class='ocrx_word' id='word_1_175' title='bbox 993 2269 1050 2315; x_wconf 76' lang='lat' dir='ltr'><strong>fi-</strong></span> 
     </span>
     <span class='ocr_line' id='line_1_31' title="bbox 66 2335 1050 2407; baseline -0.002 -18"><span class='ocrx_word' id='word_1_176' title='bbox 66 2339 268 2396; x_wconf 79' lang='lat' dir='ltr'><strong>beratae,</strong></span> <span class='ocrx_word' id='word_1_177' title='bbox 307 2351 451 2407; x_wconf 88' lang='lat' dir='ltr'><strong>prout</strong></span> <span class='ocrx_word' id='word_1_178' title='bbox 468 2335 650 2384; x_wconf 88' lang='lat' dir='ltr'><strong>indicat</strong></span> <span class='ocrx_word' id='word_1_179' title='bbox 673 2335 815 2385; x_wconf 86' lang='lat' dir='ltr'><strong>arbor</strong></span> <span class='ocrx_word' id='word_1_180' title='bbox 842 2337 1014 2387; x_wconf 86' lang='lat' dir='ltr'><strong>Palmae</strong></span> <span class='ocrx_word' id='word_1_181' title='bbox 1035 2374 1050 2396; x_wconf 91' lang='lat'>‚</span> 
     </span>
     <span class='ocr_line' id='line_1_32' title="bbox 63 2405 825 2479; baseline -0.007 -20"><span class='ocrx_word' id='word_1_182' title='bbox 63 2430 168 2479; x_wconf 81' lang='lat' dir='ltr'><strong>quae</strong></span> <span class='ocrx_word' id='word_1_183' title='bbox 186 2409 398 2458; x_wconf 57' lang='lat' dir='ltr'><strong>vistoriae</strong></span> <span class='ocrx_word' id='word_1_184' title='bbox 428 2405 715 2475; x_wconf 86' lang='lat' dir='ltr'><strong>symbolum</strong></span> <span class='ocrx_word' id='word_1_185' title='bbox 737 2406 825 2457; x_wconf 83' lang='lat' dir='ltr'><strong>est.</strong></span> 
     </span>
    </p>

    <p class='ocr_par' dir='ltr' id='par_1_5' title="bbox 65 2477 1054 3251">
     <span class='ocr_line' id='line_1_33' title="bbox 141 2477 1051 2545; baseline 0 -18"><span class='ocrx_word' id='word_1_186' title='bbox 141 2483 185 2527; x_wconf 90' lang='lat' dir='ltr'><strong>S.</strong></span> <span class='ocrx_word' id='word_1_187' title='bbox 225 2483 283 2528; x_wconf 91' lang='lat' dir='ltr'><strong>In</strong></span> <span class='ocrx_word' id='word_1_188' title='bbox 304 2480 492 2528; x_wconf 90' lang='lat' dir='ltr'><strong>decimo</strong></span> <span class='ocrx_word' id='word_1_189' title='bbox 514 2478 687 2527; x_wconf 68' lang='lat' dir='ltr'><strong>o&amp;avo</strong></span> <span class='ocrx_word' id='word_1_190' title='bbox 718 2477 949 2545; x_wconf 87' lang='lat' dir='ltr'><strong>quadrato</strong></span> <span class='ocrx_word' id='word_1_191' title='bbox 978 2480 1051 2528; x_wconf 80' lang='lat' dir='ltr'><strong>vi·-</strong></span> 
     </span>
     <span class='ocr_line' id='line_1_34' title="bbox 67 2547 1050 2616; baseline -0.003 -17"><span class='ocrx_word' id='word_1_192' title='bbox 67 2549 186 2599; x_wconf 74' lang='lat' dir='ltr'><strong>fitur</strong></span> <span class='ocrx_word' id='word_1_193' title='bbox 212 2547 391 2598; x_wconf 86' lang='lat' dir='ltr'><strong>Christi</strong></span> <span class='ocrx_word' id='word_1_194' title='bbox 423 2548 730 2616; x_wconf 85' lang='lat' dir='ltr'><strong>sepulchrum</strong></span> <span class='ocrx_word' id='word_1_195' title='bbox 752 2586 768 2608; x_wconf 90' lang='lat'><strong><em>,</em></strong></span> <span class='ocrx_word' id='word_1_196' title='bbox 805 2563 858 2597; x_wconf 89' lang='lat' dir='ltr'><strong>ut</strong></span> <span class='ocrx_word' id='word_1_197' title='bbox 891 2569 949 2600; x_wconf 83' lang='lat' dir='ltr'><strong>ex</strong></span> <span class='ocrx_word' id='word_1_198' title='bbox 978 2551 1050 2596; x_wconf 89' lang='lat' dir='ltr'><strong>in-</strong></span> 
     </span>
     <span class='ocr_line' id='line_1_35' title="bbox 65 2618 1050 2690; baseline -0.001 -21"><span class='ocrx_word' id='word_1_199' title='bbox 65 2619 323 2687; x_wconf 79' lang='lat' dir='ltr'><strong>scriptione</strong></span> <span class='ocrx_word' id='word_1_200' title='bbox 339 2655 351 2665; x_wconf 91' lang='lat'><strong>.</strong></span> <span class='ocrx_word' id='word_1_201' title='bbox 390 2623 448 2668; x_wconf 88' lang='lat' dir='ltr'><strong>In</strong></span> <span class='ocrx_word' id='word_1_202' title='bbox 476 2618 725 2688; x_wconf 88' lang='lat' dir='ltr'><strong>sepulchro</strong></span> <span class='ocrx_word' id='word_1_203' title='bbox 747 2623 964 2690; x_wconf 84' lang='lat' dir='ltr'><strong>Angelus</strong></span> <span class='ocrx_word' id='word_1_204' title='bbox 983 2618 1050 2669; x_wconf 87' lang='lat' dir='ltr'><strong>se-</strong></span> 
     </span>
     <span class='ocr_line' id='line_1_36' title="bbox 68 2689 1054 2748; baseline -0.001 -8"><span class='ocrx_word' id='word_1_205' title='bbox 68 2691 153 2740; x_wconf 84' lang='lat' dir='ltr'><strong>det</strong></span> <span class='ocrx_word' id='word_1_206' title='bbox 171 2725 187 2748; x_wconf 89' lang='lat'><strong>,</strong></span> <span class='ocrx_word' id='word_1_207' title='bbox 223 2691 274 2740; x_wconf 85' lang='lat'>&amp;</span> <span class='ocrx_word' id='word_1_208' title='bbox 292 2693 469 2738; x_wconf 71' lang='lat' dir='ltr'><strong>MARtAE</strong></span> <span class='ocrx_word' id='word_1_209' title='bbox 495 2689 554 2738; x_wconf 89' lang='lat' dir='ltr'><strong>ad</strong></span> <span class='ocrx_word' id='word_1_210' title='bbox 572 2690 694 2739; x_wconf 84' lang='lat' dir='ltr'><strong>illud</strong></span> <span class='ocrx_word' id='word_1_211' title='bbox 715 2695 979 2748; x_wconf 83' lang='lat' dir='ltr'><strong>accedunt,</strong></span> <span class='ocrx_word' id='word_1_212' title='bbox 1001 2705 1054 2739; x_wconf 91' lang='lat' dir='ltr'><strong>ut</strong></span> 
     </span>
     <span class='ocr_line' id='line_1_37' title="bbox 70 2759 1049 2830; baseline 0 -21"><span class='ocrx_word' id='word_1_213' title='bbox 70 2775 231 2809; x_wconf 89' lang='lat' dir='ltr'><strong>narrat</strong></span> <span class='ocrx_word' id='word_1_214' title='bbox 258 2759 561 2828; x_wconf 81' lang='lat' dir='ltr'><strong>Evangelista</strong></span> <span class='ocrx_word' id='word_1_215' title='bbox 588 2762 844 2811; x_wconf 76' lang='lat' dir='ltr'><strong>Matthaeus</strong></span> <span class='ocrx_word' id='word_1_216' title='bbox 880 2765 929 2812; x_wconf 86' lang='lat' dir='ltr'><strong>in</strong></span> <span class='ocrx_word' id='word_1_217' title='bbox 950 2781 1049 2830; x_wconf 87' lang='lat' dir='ltr'><strong>cap.</strong></span> 
     </span>
     <span class='ocr_line' id='line_1_38' title="bbox 75 2829 1051 2897; baseline 0 -17"><span class='ocrx_word' id='word_1_218' title='bbox 75 2837 154 2880; x_wconf 87' lang='lat'><strong>28.</strong></span> <span class='ocrx_word' id='word_1_219' title='bbox 185 2832 265 2897; x_wconf 89' lang='lat' dir='ltr'><strong>qui</strong></span> <span class='ocrx_word' id='word_1_220' title='bbox 285 2830 399 2879; x_wconf 88' lang='lat' dir='ltr'><strong>duas</strong></span> <span class='ocrx_word' id='word_1_221' title='bbox 427 2829 615 2880; x_wconf 65' lang='lat' dir='ltr'><strong>tantum</strong></span> <span class='ocrx_word' id='word_1_222' title='bbox 635 2834 887 2892; x_wconf 88' lang='lat' dir='ltr'><strong>nominat,</strong></span> <span class='ocrx_word' id='word_1_223' title='bbox 927 2832 1051 2883; x_wconf 88' lang='lat' dir='ltr'><strong>scili-</strong></span> 
     </span>
     <span class='ocr_line' id='line_1_39' title="bbox 73 2901 1051 2969; baseline 0.004 -19"><span class='ocrx_word' id='word_1_224' title='bbox 73 2914 150 2950; x_wconf 87' lang='lat' dir='ltr'><strong>cet</strong></span> <span class='ocrx_word' id='word_1_225' title='bbox 184 2902 396 2950; x_wconf 74' lang='lat' dir='ltr'><strong>Mariam</strong></span> <span class='ocrx_word' id='word_1_226' title='bbox 425 2901 765 2969; x_wconf 83' lang='lat' dir='ltr'><strong>Magdalenam</strong></span> <span class='ocrx_word' id='word_1_227' title='bbox 790 2940 806 2961; x_wconf 85' lang='lat'><strong>,</strong></span> <span class='ocrx_word' id='word_1_228' title='bbox 843 2906 894 2956; x_wconf 84' lang='lat'>&amp;</span> <span class='ocrx_word' id='word_1_229' title='bbox 936 2907 1051 2954; x_wconf 83' lang='lat' dir='ltr'><strong>alte-</strong></span> 
     </span>
     <span class='ocr_line' id='line_1_40' title="bbox 74 2973 1049 3025; baseline 0.003 -5"><span class='ocrx_word' id='word_1_230' title='bbox 74 2987 178 3020; x_wconf 76' lang='lat' dir='ltr'><strong>ram</strong></span> <span class='ocrx_word' id='word_1_231' title='bbox 195 2974 406 3020; x_wconf 83' lang='lat' dir='ltr'><strong>Mariam</strong></span> <span class='ocrx_word' id='word_1_232' title='bbox 423 3008 433 3017; x_wconf 95' lang='lat'><strong>.</strong></span> <span class='ocrx_word' id='word_1_233' title='bbox 474 2973 573 3021; x_wconf 85' lang='lat' dir='ltr'><strong>Hic</strong></span> <span class='ocrx_word' id='word_1_234' title='bbox 589 2986 770 3022; x_wconf 87' lang='lat' dir='ltr'><strong>tamem</strong></span> <span class='ocrx_word' id='word_1_235' title='bbox 799 2973 968 3025; x_wconf 81' lang='lat' dir='ltr'><strong>artifex</strong></span> <span class='ocrx_word' id='word_1_236' title='bbox 1001 2977 1049 3023; x_wconf 90' lang='lat' dir='ltr'><strong>in</strong></span> 
     </span>
     <span class='ocr_line' id='line_1_41' title="bbox 76 3039 1050 3111; baseline 0.007 -23"><span class='ocrx_word' id='word_1_237' title='bbox 76 3044 213 3089; x_wconf 83' lang='lat' dir='ltr'><strong>Sacra</strong></span> <span class='ocrx_word' id='word_1_238' title='bbox 228 3045 469 3111; x_wconf 80' lang='lat' dir='ltr'><strong>Scriptura</strong></span> <span class='ocrx_word' id='word_1_239' title='bbox 492 3039 662 3109; x_wconf 70' lang='lat' dir='ltr'><strong>parum</strong></span> <span class='ocrx_word' id='word_1_240' title='bbox 683 3043 928 3105; x_wconf 80' lang='lat' dir='ltr'><strong>versatus,</strong></span> <span class='ocrx_word' id='word_1_241' title='bbox 957 3061 1050 3095; x_wconf 88' lang='lat' dir='ltr'><strong>ter-</strong></span> 
     </span>
     <span class='ocr_line' id='line_1_42' title="bbox 73 3111 1049 3186; baseline 0.006 -28"><span class='ocrx_word' id='word_1_242' title='bbox 73 3114 193 3158; x_wconf 81' lang='lat' dir='ltr'><strong>tiam</strong></span> <span class='ocrx_word' id='word_1_243' title='bbox 222 3111 438 3171; x_wconf 83' lang='lat' dir='ltr'><strong>addidit,</strong></span> <span class='ocrx_word' id='word_1_244' title='bbox 468 3114 518 3163; x_wconf 85' lang='lat'>&amp;</span> <span class='ocrx_word' id='word_1_245' title='bbox 549 3111 607 3159; x_wconf 88' lang='lat' dir='ltr'><strong>ad</strong></span> <span class='ocrx_word' id='word_1_246' title='bbox 637 3111 782 3163; x_wconf 86' lang='lat' dir='ltr'><strong>bafim</strong></span> <span class='ocrx_word' id='word_1_247' title='bbox 810 3114 1049 3186; x_wconf 89' lang='lat' dir='ltr'><strong>sepulchri</strong></span> 
     </span>
     <span class='ocr_line' id='line_1_43' title="bbox 68 3180 833 3251; baseline 0.005 -22"><span class='ocrx_word' id='word_1_248' title='bbox 68 3180 252 3230; x_wconf 75' lang='lat' dir='ltr'><strong>milites</strong></span> <span class='ocrx_word' id='word_1_249' title='bbox 278 3182 568 3233; x_wconf 87' lang='lat' dir='ltr'><strong>dormientes</strong></span> <span class='ocrx_word' id='word_1_250' title='bbox 587 3183 808 3251; x_wconf 77' lang='lat' dir='ltr'><strong>expreffit</strong></span> <span class='ocrx_word' id='word_1_251' title='bbox 823 3223 833 3233; x_wconf 89' lang='lat'><strong>.</strong></span> 
     </span>
    </p>

    <p class='ocr_par' dir='ltr' id='par_1_6' title="bbox 146 3248 1047 3309">
     <span class='ocr_line' id='line_1_44' title="bbox 146 3248 1047 3309; baseline 0.013 -12"><span class='ocrx_word' id='word_1_252' title='bbox 146 3248 207 3297; x_wconf 90' lang='lat' dir='ltr'><strong>T.</strong></span> <span class='ocrx_word' id='word_1_253' title='bbox 245 3252 409 3303; x_wconf 85' lang='lat' dir='ltr'><strong>Habes</strong></span> <span class='ocrx_word' id='word_1_254' title='bbox 434 3256 483 3302; x_wconf 91' lang='lat' dir='ltr'><strong>in</strong></span> <span class='ocrx_word' id='word_1_255' title='bbox 503 3255 587 3304; x_wconf 85' lang='lat' dir='ltr'><strong>hac</strong></span> <span class='ocrx_word' id='word_1_256' title='bbox 607 3272 713 3304; x_wconf 86' lang='lat' dir='ltr'><strong>area</strong></span> <span class='ocrx_word' id='word_1_257' title='bbox 745 3255 921 3307; x_wconf 90' lang='lat' dir='ltr'><strong>Christi</strong></span> <span class='ocrx_word' id='word_1_258' title='bbox 945 3261 1047 3309; x_wconf 90' lang='lat' dir='ltr'><strong>Do-</strong></span> 
     </span>
    </p>

    <p class='ocr_par' dir='ltr' id='par_1_7' title="bbox 151 3320 300 3372">
     <span class='ocr_line' id='line_1_45' title="bbox 151 3320 300 3372; baseline 0 0"><span class='ocrx_word' id='word_1_259' title='bbox 151 3320 300 3372; x_wconf 72' lang='lat' dir='ltr'><strong>Par-I.</strong></span> 
     </span>
    </p>
   </div>
   <div class='ocr_carea' id='block_1_5' title="bbox 1099 256 2085 360">
    <p class='ocr_par' dir='ltr' id='par_1_8' title="bbox 1099 256 2085 360">
     <span class='ocr_line' id='line_1_46' title="bbox 1099 256 2085 360; baseline -0.004 -5"><span class='ocrx_word' id='word_1_260' title='bbox 1099 307 1221 355; x_wconf 90' lang='lat' dir='ltr'><strong>mini</strong></span> <span class='ocrx_word' id='word_1_261' title='bbox 1242 299 1601 360; x_wconf 59' lang='lat' dir='ltr'><strong>Ascenfionem5</strong></span> <span class='ocrx_word' id='word_1_262' title='bbox 1613 311 1722 350; x_wconf 84' lang='lat' dir='ltr'><strong>tum</strong></span> <span class='ocrx_word' id='word_1_263' title='bbox 1738 317 1795 350; x_wconf 85' lang='lat' dir='ltr'><strong>ex</strong></span> <span class='ocrx_word' id='word_1_264' title='bbox 1813 301 1960 352; x_wconf 84' lang='lat' dir='ltr'><strong>literis</strong></span> <span class='ocrx_word' id='word_1_265' title='bbox 1980 256 2085 357; x_wconf 73' lang='lat' dir='ltr'>A4S9</span> 
     </span>
    </p>
   </div>
   <div class='ocr_carea' id='block_1_6' title="bbox 1096 372 2096 3372">
    <p class='ocr_par' dir='ltr' id='par_1_9' title="bbox 1096 372 2096 1965">
     <span class='ocr_line' id='line_1_47' title="bbox 1098 372 2078 445; baseline 0 -19"><span class='ocrx_word' id='word_1_266' title='bbox 1098 395 1199 445; x_wconf 79' lang='lat' dir='ltr'><strong>quae</strong></span> <span class='ocrx_word' id='word_1_267' title='bbox 1218 375 1315 442; x_wconf 85' lang='lat' dir='ltr'><strong>legi</strong></span> <span class='ocrx_word' id='word_1_268' title='bbox 1338 372 1514 423; x_wconf 87' lang='lat' dir='ltr'><strong>debent</strong></span> <span class='ocrx_word' id='word_1_269' title='bbox 1531 372 1765 443; x_wconf 65' lang='lat' dir='ltr'><strong>Asbenfib,</strong></span> <span class='ocrx_word' id='word_1_270' title='bbox 1799 386 1904 421; x_wconf 90' lang='lat' dir='ltr'><strong>tum</strong></span> <span class='ocrx_word' id='word_1_271' title='bbox 1925 392 1985 423; x_wconf 82' lang='lat' dir='ltr'><strong>ex</strong></span> <span class='ocrx_word' id='word_1_272' title='bbox 2005 381 2078 426; x_wconf 89' lang='lat' dir='ltr'><strong>Fi-</strong></span> 
     </span>
     <span class='ocr_line' id='line_1_48' title="bbox 1098 444 2081 517; baseline 0.001 -23"><span class='ocrx_word' id='word_1_273' title='bbox 1098 449 1227 517; x_wconf 84' lang='lat' dir='ltr'><strong>guris</strong></span> <span class='ocrx_word' id='word_1_274' title='bbox 1252 481 1268 502; x_wconf 88' lang='lat'><strong><em>,</em></strong></span> <span class='ocrx_word' id='word_1_275' title='bbox 1305 461 1509 511; x_wconf 88' lang='lat' dir='ltr'><strong>quarum</strong></span> <span class='ocrx_word' id='word_1_276' title='bbox 1549 449 1627 493; x_wconf 79' lang='lat' dir='ltr'><strong>lex</strong></span> <span class='ocrx_word' id='word_1_277' title='bbox 1662 448 1689 495; x_wconf 73' lang='lat' dir='ltr'><strong>a</strong></span> <span class='ocrx_word' id='word_1_278' title='bbox 1726 444 1905 493; x_wconf 83' lang='lat' dir='ltr'><strong>dextris</strong></span> <span class='ocrx_word' id='word_1_279' title='bbox 1938 445 2045 495; x_wconf 75' lang='lat' dir='ltr'><strong>sunt</strong></span> <span class='ocrx_word' id='word_1_280' title='bbox 2065 484 2081 506; x_wconf 89' lang='lat'><strong><em>,</em></strong></span> 
     </span>
     <span class='ocr_line' id='line_1_49' title="bbox 1100 511 2085 583; baseline 0.002 -19"><span class='ocrx_word' id='word_1_281' title='bbox 1100 518 1312 583; x_wconf 81' lang='lat' dir='ltr'><strong>quinque</strong></span> <span class='ocrx_word' id='word_1_282' title='bbox 1340 521 1367 564; x_wconf 70' lang='lat' dir='ltr'><strong>a</strong></span> <span class='ocrx_word' id='word_1_283' title='bbox 1384 511 1572 563; x_wconf 81' lang='lat' dir='ltr'><strong>finistris</strong></span> <span class='ocrx_word' id='word_1_284' title='bbox 1586 550 1603 573; x_wconf 92' lang='lat'>,</span> <span class='ocrx_word' id='word_1_285' title='bbox 1635 517 1685 566; x_wconf 86' lang='lat'>&amp;</span> <span class='ocrx_word' id='word_1_286' title='bbox 1707 533 1799 563; x_wconf 78' lang='lat' dir='ltr'><strong>una</strong></span> <span class='ocrx_word' id='word_1_287' title='bbox 1821 517 1870 561; x_wconf 88' lang='lat' dir='ltr'><strong>in</strong></span> <span class='ocrx_word' id='word_1_288' title='bbox 1890 517 2085 579; x_wconf 81' lang='lat' dir='ltr'><strong>medi03</strong></span> 
     </span>
     <span class='ocr_line' id='line_1_50' title="bbox 1101 582 2082 654; baseline 0.001 -18"><span class='ocrx_word' id='word_1_289' title='bbox 1101 588 1423 651; x_wconf 85' lang='lat' dir='ltr'><strong>denotantque</strong></span> <span class='ocrx_word' id='word_1_290' title='bbox 1446 585 1669 635; x_wconf 83' lang='lat' dir='ltr'><strong>undecim</strong></span> <span class='ocrx_word' id='word_1_291' title='bbox 1691 582 1948 654; x_wconf 83' lang='lat' dir='ltr'><strong>Apostolos</strong></span> <span class='ocrx_word' id='word_1_292' title='bbox 1967 607 2082 637; x_wconf 90' lang='lat' dir='ltr'><strong>cum</strong></span> 
     </span>
     <span class='ocr_line' id='line_1_51' title="bbox 1098 655 2082 721; baseline 0.003 -15"><span class='ocrx_word' id='word_1_293' title='bbox 1098 661 1269 706; x_wconf 40' lang='lat' dir='ltr'><strong>Mirm</strong></span> <span class='ocrx_word' id='word_1_294' title='bbox 1301 667 1452 702; x_wconf 84' lang='lat' dir='ltr'><strong>matre</strong></span> <span class='ocrx_word' id='word_1_295' title='bbox 1469 657 1616 721; x_wconf 64' lang='lat' dir='ltr'><strong>Jfisu:</strong></span> <span class='ocrx_word' id='word_1_296' title='bbox 1661 655 1743 704; x_wconf 87' lang='lat' dir='ltr'><strong>ubi</strong></span> <span class='ocrx_word' id='word_1_297' title='bbox 1772 658 2082 708; x_wconf 70' lang='lat' dir='ltr'><strong>notandum-2</strong></span> 
     </span>
     <span class='ocr_line' id='line_1_52' title="bbox 1097 725 2084 793; baseline 0.001 -17"><span class='ocrx_word' id='word_1_298' title='bbox 1097 727 1183 785; x_wconf 88' lang='lat' dir='ltr'><strong>est,</strong></span> <span class='ocrx_word' id='word_1_299' title='bbox 1197 725 1542 775; x_wconf 83' lang='lat' dir='ltr'><strong>duodecimum</strong></span> <span class='ocrx_word' id='word_1_300' title='bbox 1559 726 1848 793; x_wconf 88' lang='lat' dir='ltr'><strong>Apostolum</strong></span> <span class='ocrx_word' id='word_1_301' title='bbox 1868 727 2084 779; x_wconf 77' lang='lat' dir='ltr'><strong>consu-lto</strong></span> 
     </span>
     <span class='ocr_line' id='line_1_53' title="bbox 1098 793 2086 866; baseline 0.002 -20"><span class='ocrx_word' id='word_1_302' title='bbox 1098 793 1347 852; x_wconf 74' lang='lat' dir='ltr'><strong>omissum,</strong></span> <span class='ocrx_word' id='word_1_303' title='bbox 1386 793 1497 843; x_wconf 75' lang='lat' dir='ltr'><strong>cum</strong></span> <span class='ocrx_word' id='word_1_304' title='bbox 1509 796 1662 863; x_wconf 87' lang='lat' dir='ltr'><strong>Judas</strong></span> <span class='ocrx_word' id='word_1_305' title='bbox 1690 812 1909 847; x_wconf 79' lang='lat' dir='ltr'><strong>mortuus</strong></span> <span class='ocrx_word' id='word_1_306' title='bbox 1938 796 2086 866; x_wconf 68' lang='lat' dir='ltr'><strong>esset&#39;,</strong></span> 
     </span>
     <span class='ocr_line' id='line_1_54' title="bbox 1096 864 2084 919; baseline 0.001 -1"><span class='ocrx_word' id='word_1_307' title='bbox 1096 868 1329 919; x_wconf 84' lang='lat' dir='ltr'><strong>Matthias</strong></span> <span class='ocrx_word' id='word_1_308' title='bbox 1348 864 1466 915; x_wconf 70' lang='lat' dir='ltr'><strong>vero</strong></span> <span class='ocrx_word' id='word_1_309' title='bbox 1493 867 1710 916; x_wconf 89' lang='lat' dir='ltr'><strong>nondum</strong></span> <span class='ocrx_word' id='word_1_310' title='bbox 1738 868 1920 917; x_wconf 58' lang='lat' dir='ltr'><strong>eleetos</strong></span> <span class='ocrx_word' id='word_1_311' title='bbox 1941 907 1952 916; x_wconf 90' lang='lat'><strong>.</strong></span> <span class='ocrx_word' id='word_1_312' title='bbox 1994 874 2084 919; x_wconf 82' lang='lat' dir='ltr'><strong>Su-</strong></span> 
     </span>
     <span class='ocr_line' id='line_1_55' title="bbox 1099 935 2089 1009; baseline 0 -20"><span class='ocrx_word' id='word_1_313' title='bbox 1099 957 1182 1009; x_wconf 87' lang='lat' dir='ltr'><strong>per</strong></span> <span class='ocrx_word' id='word_1_314' title='bbox 1209 941 1412 988; x_wconf 64' lang='lat' dir='ltr'><strong>MARmM</strong></span> <span class='ocrx_word' id='word_1_315' title='bbox 1434 935 1648 986; x_wconf 85' lang='lat' dir='ltr'><strong>Christus</strong></span> <span class='ocrx_word' id='word_1_316' title='bbox 1667 940 1944 996; x_wconf 80' lang='lat' dir='ltr'><strong>attollitur,</strong></span> <span class='ocrx_word' id='word_1_317' title='bbox 1970 942 2021 992; x_wconf 69' lang='grc' dir='ltr'><strong>ὃς</strong></span> <span class='ocrx_word' id='word_1_318' title='bbox 2039 942 2089 989; x_wconf 86' lang='lat' dir='ltr'><strong>in</strong></span> 
     </span>
     <span class='ocr_line' id='line_1_56' title="bbox 1097 1005 2088 1078; baseline -0.004 -18"><span class='ocrx_word' id='word_1_319' title='bbox 1097 1011 1280 1060; x_wconf 87' lang='lat' dir='ltr'><strong>coelum</strong></span> <span class='ocrx_word' id='word_1_320' title='bbox 1320 1005 1530 1057; x_wconf 87' lang='lat' dir='ltr'><strong>ascendit</strong></span> <span class='ocrx_word' id='word_1_321' title='bbox 1565 1007 1691 1057; x_wconf 89' lang='lat' dir='ltr'><strong>nube</strong></span> <span class='ocrx_word' id='word_1_322' title='bbox 1732 1009 1941 1076; x_wconf 84' lang='lat' dir='ltr'><strong>quadam</strong></span> <span class='ocrx_word' id='word_1_323' title='bbox 1976 1012 2088 1078; x_wconf 84' lang='lat' dir='ltr'><strong>ely-</strong></span> 
     </span>
     <span class='ocr_line' id='line_1_57' title="bbox 1100 1074 2092 1150; baseline 0.002 -22"><span class='ocrx_word' id='word_1_324' title='bbox 1100 1078 1188 1150; x_wconf 85' lang='lat' dir='ltr'><strong>pfis</strong></span> <span class='ocrx_word' id='word_1_325' title='bbox 1202 1115 1218 1137; x_wconf 84' lang='lat'><strong>,</strong></span> <span class='ocrx_word' id='word_1_326' title='bbox 1254 1077 1371 1127; x_wconf 87' lang='lat' dir='ltr'><strong>idest</strong></span> <span class='ocrx_word' id='word_1_327' title='bbox 1390 1079 1541 1126; x_wconf 84' lang='lat' dir='ltr'><strong>ovalis</strong></span> <span class='ocrx_word' id='word_1_328' title='bbox 1560 1074 1724 1127; x_wconf 82' lang='lat' dir='ltr'><strong>formae</strong></span> <span class='ocrx_word' id='word_1_329' title='bbox 1742 1116 1759 1137; x_wconf 86' lang='lat'>‚</span> <span class='ocrx_word' id='word_1_330' title='bbox 1795 1080 2060 1131; x_wconf 86' lang='lat' dir='ltr'><strong>obvolutus</strong></span> <span class='ocrx_word' id='word_1_331' title='bbox 2071 1087 2092 1140; x_wconf 76' lang='grc'><strong>,’</strong></span> 
     </span>
     <span class='ocr_line' id='line_1_58' title="bbox 1100 1146 2088 1216; baseline -0.01 -16"><span class='ocrx_word' id='word_1_332' title='bbox 1100 1150 1302 1200; x_wconf 88' lang='lat' dir='ltr'><strong>brachiis</strong></span> <span class='ocrx_word' id='word_1_333' title='bbox 1322 1148 1504 1216; x_wconf 65' lang='lat' dir='ltr'><strong>pestori</strong></span> <span class='ocrx_word' id='word_1_334' title='bbox 1535 1146 1740 1195; x_wconf 87' lang='lat' dir='ltr'><strong>admotis</strong></span> <span class='ocrx_word' id='word_1_335' title='bbox 1759 1182 1775 1205; x_wconf 92' lang='lat'>,</span> <span class='ocrx_word' id='word_1_336' title='bbox 1814 1152 1864 1197; x_wconf 85' lang='lat'>&amp;</span> <span class='ocrx_word' id='word_1_337' title='bbox 1885 1151 1996 1198; x_wconf 80' lang='lat' dir='ltr'><strong>hinc</strong></span> <span class='ocrx_word' id='word_1_338' title='bbox 2016 1154 2088 1199; x_wconf 75' lang='lat' dir='ltr'><strong>in-</strong></span> 
     </span>
     <span class='ocr_line' id='line_1_59' title="bbox 1100 1215 2092 1285; baseline -0.002 -13"><span class='ocrx_word' id='word_1_339' title='bbox 1100 1223 1159 1272; x_wconf 90' lang='lat' dir='ltr'><strong>de</strong></span> <span class='ocrx_word' id='word_1_340' title='bbox 1182 1219 1367 1269; x_wconf 86' lang='lat' dir='ltr'><strong>duobus</strong></span> <span class='ocrx_word' id='word_1_341' title='bbox 1385 1218 1584 1285; x_wconf 83' lang='lat' dir='ltr'><strong>Angelis</strong></span> <span class='ocrx_word' id='word_1_342' title='bbox 1608 1215 1958 1267; x_wconf 86' lang='lat' dir='ltr'><strong>famulantibus</strong></span> <span class='ocrx_word' id='word_1_343' title='bbox 1977 1257 1994 1279; x_wconf 87' lang='lat'><strong><em>,</em></strong></span> <span class='ocrx_word' id='word_1_344' title='bbox 2036 1239 2092 1270; x_wconf 85' lang='lat' dir='ltr'><strong>ac</strong></span> 
     </span>
     <span class='ocr_line' id='line_1_60' title="bbox 1100 1285 2089 1356; baseline -0.004 -17"><span class='ocrx_word' id='word_1_345' title='bbox 1100 1293 1256 1342; x_wconf 80' lang='lat' dir='ltr'><strong>veluti</strong></span> <span class='ocrx_word' id='word_1_346' title='bbox 1284 1288 1461 1338; x_wconf 86' lang='lat' dir='ltr'><strong>nubem</strong></span> <span class='ocrx_word' id='word_1_347' title='bbox 1489 1285 1748 1337; x_wconf 84' lang='lat' dir='ltr'><strong>ferentibus</strong></span> <span class='ocrx_word' id='word_1_348' title='bbox 1776 1324 1786 1333; x_wconf 91' lang='lat'><strong>.</strong></span> <span class='ocrx_word' id='word_1_349' title='bbox 1828 1290 1949 1355; x_wconf 80' lang='lat' dir='ltr'><strong>Qae</strong></span> <span class='ocrx_word' id='word_1_350' title='bbox 1981 1294 2089 1356; x_wconf 84' lang='lat' dir='ltr'><strong>qui-</strong></span> 
     </span>
     <span class='ocr_line' id='line_1_61' title="bbox 1102 1355 2089 1427; baseline -0.006 -14"><span class='ocrx_word' id='word_1_351' title='bbox 1102 1363 1217 1413; x_wconf 89' lang='lat' dir='ltr'><strong>dem</strong></span> <span class='ocrx_word' id='word_1_352' title='bbox 1245 1362 1406 1409; x_wconf 83' lang='lat' dir='ltr'><strong>omnia</strong></span> <span class='ocrx_word' id='word_1_353' title='bbox 1431 1357 1682 1427; x_wconf 88' lang='lat' dir='ltr'><strong>desumpta</strong></span> <span class='ocrx_word' id='word_1_354' title='bbox 1711 1355 1821 1406; x_wconf 91' lang='lat' dir='ltr'><strong>sunt</strong></span> <span class='ocrx_word' id='word_1_355' title='bbox 1839 1377 1895 1407; x_wconf 82' lang='lat' dir='ltr'><strong>ex</strong></span> <span class='ocrx_word' id='word_1_356' title='bbox 1920 1377 2021 1427; x_wconf 83' lang='lat' dir='ltr'><strong>cap.</strong></span> <span class='ocrx_word' id='word_1_357' title='bbox 2047 1380 2089 1410; x_wconf 89' lang='lat'><strong>1.</strong></span> 
     </span>
     <span class='ocr_line' id='line_1_62' title="bbox 1099 1427 2093 1497; baseline -0.006 -14"><span class='ocrx_word' id='word_1_358' title='bbox 1099 1454 1148 1494; x_wconf 85' lang='lat'><strong>9.</strong></span> <span class='ocrx_word' id='word_1_359' title='bbox 1170 1433 1386 1482; x_wconf 67' lang='lat' dir='ltr'><strong>A&amp;uum</strong></span> <span class='ocrx_word' id='word_1_360' title='bbox 1404 1427 1753 1497; x_wconf 84' lang='lat' dir='ltr'><strong>Apostolorum</strong></span> <span class='ocrx_word' id='word_1_361' title='bbox 1768 1464 1785 1486; x_wconf 85' lang='lat'>,</span> <span class='ocrx_word' id='word_1_362' title='bbox 1812 1428 1894 1476; x_wconf 86' lang='lat' dir='ltr'><strong>ubi</strong></span> <span class='ocrx_word' id='word_1_363' title='bbox 1914 1427 2003 1478; x_wconf 81' lang='lat' dir='ltr'><strong>fic:</strong></span> <span class='ocrx_word' id='word_1_364' title='bbox 2032 1430 2093 1481; x_wconf 78' lang='lat' dir='ltr'><strong>Et</strong></span> 
     </span>
     <span class='ocr_line' id='line_1_63' title="bbox 1101 1499 2089 1570; baseline -0.004 -16"><span class='ocrx_word' id='word_1_365' title='bbox 1101 1510 1196 1554; x_wconf 72' lang='lat' dir='ltr'><strong>ciitn</strong></span> <span class='ocrx_word' id='word_1_366' title='bbox 1226 1506 1308 1552; x_wconf 84' lang='lat' dir='ltr'><strong>haec</strong></span> <span class='ocrx_word' id='word_1_367' title='bbox 1335 1502 1516 1570; x_wconf 74' lang='lat' dir='ltr'><strong>dixiffi’t</strong></span> <span class='ocrx_word' id='word_1_368' title='bbox 1540 1537 1554 1557; x_wconf 93' lang='lat'>‚</span> <span class='ocrx_word' id='word_1_369' title='bbox 1590 1499 1853 1552; x_wconf 74' lang='lat' dir='ltr'><strong>videntibus</strong></span> <span class='ocrx_word' id='word_1_370' title='bbox 1882 1503 1978 1550; x_wconf 87' lang='lat' dir='ltr'><strong>illis</strong></span> <span class='ocrx_word' id='word_1_371' title='bbox 2006 1504 2089 1551; x_wconf 85' lang='lat' dir='ltr'><strong>ele-</strong></span> 
     </span>
     <span class='ocr_line' id='line_1_64' title="bbox 1100 1571 2092 1641; baseline -0.005 -14"><span class='ocrx_word' id='word_1_372' title='bbox 1100 1593 1237 1627; x_wconf 73' lang='lat' dir='ltr'><strong>vatus</strong></span> <span class='ocrx_word' id='word_1_373' title='bbox 1256 1575 1325 1625; x_wconf 63' lang='lat' dir='ltr'><strong>eff</strong></span> <span class='ocrx_word' id='word_1_374' title='bbox 1344 1609 1360 1631; x_wconf 91' lang='lat'>‚</span> <span class='ocrx_word' id='word_1_375' title='bbox 1389 1577 1443 1623; x_wconf 65' lang='lat'><strong>&amp;⁸</strong></span> <span class='ocrx_word' id='word_1_376' title='bbox 1461 1571 1587 1621; x_wconf 73' lang='lat' dir='ltr'><strong>nubes</strong></span> <span class='ocrx_word' id='word_1_377' title='bbox 1606 1574 1799 1641; x_wconf 73' lang='lat' dir='ltr'><strong>suscepit</strong></span> <span class='ocrx_word' id='word_1_378' title='bbox 1820 1592 1910 1621; x_wconf 82' lang='lat' dir='ltr'><strong>eum</strong></span> <span class='ocrx_word' id='word_1_379' title='bbox 1926 1573 1978 1619; x_wconf 79' lang='lat' dir='ltr'><strong>ab</strong></span> <span class='ocrx_word' id='word_1_380' title='bbox 1997 1591 2092 1622; x_wconf 84' lang='lat' dir='ltr'><em>ocu-</em></span> 
     </span>
     <span class='ocr_line' id='line_1_65' title="bbox 1100 1643 2095 1710; baseline -0.009 -13"><span class='ocrx_word' id='word_1_381' title='bbox 1100 1650 1161 1698; x_wconf 81' lang='lat' dir='ltr'><strong>lis</strong></span> <span class='ocrx_word' id='word_1_382' title='bbox 1187 1664 1325 1695; x_wconf 73' lang='lat' dir='ltr'><strong>eorum</strong></span> <span class='ocrx_word' id='word_1_383' title='bbox 1349 1680 1359 1689; x_wconf 88' lang='lat'><em>.</em></span> <span class='ocrx_word' id='word_1_384' title='bbox 1400 1645 1531 1710; x_wconf 81' lang='lat' dir='ltr'><strong>Qia</strong></span> <span class='ocrx_word' id='word_1_385' title='bbox 1564 1643 1682 1692; x_wconf 79' lang='lat' dir='ltr'><strong>vero</strong></span> <span class='ocrx_word' id='word_1_386' title='bbox 1722 1643 1814 1689; x_wconf 87' lang='lat' dir='ltr'><strong>alia</strong></span> <span class='ocrx_word' id='word_1_387' title='bbox 1845 1644 2095 1708; x_wconf 77' lang='lat' dir='ltr'><strong>quaedam,</strong></span> 
     </span>
     <span class='ocr_line' id='line_1_66' title="bbox 1102 1712 2094 1772; baseline -0.008 -8"><span class='ocrx_word' id='word_1_388' title='bbox 1102 1736 1201 1771; x_wconf 76' lang='lat' dir='ltr'><strong>ouae</strong></span> <span class='ocrx_word' id='word_1_389' title='bbox 1228 1718 1277 1760; x_wconf 89' lang='lat' dir='ltr'><strong>in</strong></span> <span class='ocrx_word' id='word_1_390' title='bbox 1307 1713 1482 1758; x_wconf 79' lang='lat' dir='ltr'><strong>eodem</strong></span> <span class='ocrx_word' id='word_1_391' title='bbox 1511 1716 1667 1772; x_wconf 74' lang='lat' dir='ltr'><strong>capite</strong></span> <span class='ocrx_word' id='word_1_392' title='bbox 1701 1729 1795 1756; x_wconf 87' lang='lat' dir='ltr'><strong>non</strong></span> <span class='ocrx_word' id='word_1_393' title='bbox 1824 1712 2094 1767; x_wconf 86' lang='lat' dir='ltr'><strong>habentur,</strong></span> 
     </span>
     <span class='ocr_line' id='line_1_67' title="bbox 1102 1772 2095 1845; baseline -0.007 -12"><span class='ocrx_word' id='word_1_394' title='bbox 1102 1773 1294 1834; x_wconf 80' lang='lat' dir='ltr'><strong>solertia</strong></span> <span class='ocrx_word' id='word_1_395' title='bbox 1326 1777 1525 1825; x_wconf 66' lang='lat' dir='ltr'><strong>Pistoris</strong></span> <span class='ocrx_word' id='word_1_396' title='bbox 1558 1772 1782 1845; x_wconf 80' lang='lat' dir='ltr'><strong>expreffit</strong></span> <span class='ocrx_word' id='word_1_397' title='bbox 1809 1798 1824 1838; x_wconf 84' lang='lat'>3</span> <span class='ocrx_word' id='word_1_398' title='bbox 1860 1781 1917 1827; x_wconf 60' lang='lat' dir='ltr'><strong>n&amp;</strong></span> <span class='ocrx_word' id='word_1_399' title='bbox 1948 1780 2095 1828; x_wconf 86' lang='lat' dir='ltr'><strong>alicui</strong></span> 
     </span>
     <span class='ocr_line' id='line_1_68' title="bbox 1104 1847 2096 1910; baseline 0.004 -14"><span class='ocrx_word' id='word_1_400' title='bbox 1104 1853 1312 1896; x_wconf 66' lang='lat' dir='ltr'><strong>dubium</strong></span> <span class='ocrx_word' id='word_1_401' title='bbox 1338 1849 1559 1910; x_wconf 80' lang='lat' dir='ltr'><strong>pariant,</strong></span> <span class='ocrx_word' id='word_1_402' title='bbox 1597 1847 1655 1893; x_wconf 84' lang='lat' dir='ltr'><strong>ad</strong></span> <span class='ocrx_word' id='word_1_403' title='bbox 1687 1847 1922 1896; x_wconf 80' lang='lat' dir='ltr'><strong>trutinam</strong></span> <span class='ocrx_word' id='word_1_404' title='bbox 1956 1867 2096 1899; x_wconf 76' lang='lat' dir='ltr'><strong>reVO-</strong></span> 
     </span>
     <span class='ocr_line' id='line_1_69' title="bbox 1107 1910 1420 1965; baseline -0.019 0"><span class='ocrx_word' id='word_1_405' title='bbox 1107 1913 1259 1965; x_wconf 88' lang='lat' dir='ltr'><strong>canda</strong></span> <span class='ocrx_word' id='word_1_406' title='bbox 1280 1910 1391 1960; x_wconf 87' lang='lat' dir='ltr'><strong>sunt</strong></span> <span class='ocrx_word' id='word_1_407' title='bbox 1411 1949 1420 1960; x_wconf 93' lang='lat'>.</span> 
     </span>
    </p>

    <p class='ocr_par' dir='ltr' id='par_1_10' title="bbox 1104 1981 2096 2762">
     <span class='ocr_line' id='line_1_70' title="bbox 1178 1981 2090 2055; baseline 0.007 -22"><span class='ocrx_word' id='word_1_408' title='bbox 1178 1986 1397 2033; x_wconf 88' lang='lat' dir='ltr'><strong>Primum</strong></span> <span class='ocrx_word' id='word_1_409' title='bbox 1429 1981 1528 2039; x_wconf 86' lang='lat' dir='ltr'><strong>est,</strong></span> <span class='ocrx_word' id='word_1_410' title='bbox 1564 1984 1614 2030; x_wconf 92' lang='lat' dir='ltr'><strong>in</strong></span> <span class='ocrx_word' id='word_1_411' title='bbox 1645 1984 1810 2034; x_wconf 86' lang='lat' dir='ltr'><strong>medio</strong></span> <span class='ocrx_word' id='word_1_412' title='bbox 1829 1986 2090 2055; x_wconf 85' lang='lat' dir='ltr'><strong>Apostolo-</strong></span> 
     </span>
     <span class='ocr_line' id='line_1_71' title="bbox 1106 2055 2095 2126; baseline 0.004 -22"><span class='ocrx_word' id='word_1_413' title='bbox 1106 2074 1214 2105; x_wconf 88' lang='lat' dir='ltr'><strong>rum</strong></span> <span class='ocrx_word' id='word_1_414' title='bbox 1242 2057 1294 2103; x_wconf 87' lang='lat' dir='ltr'><strong>B.</strong></span> <span class='ocrx_word' id='word_1_415' title='bbox 1319 2055 1580 2122; x_wconf 82' lang='lat' dir='ltr'><strong>Virginem</strong></span> <span class='ocrx_word' id='word_1_416' title='bbox 1598 2056 1623 2103; x_wconf 75' lang='grc' dir='ltr'>ὲ</span> <span class='ocrx_word' id='word_1_417' title='bbox 1642 2055 1828 2106; x_wconf 68' lang='grc' dir='ltr'><strong>Ρίέὶοῑε</strong></span> <span class='ocrx_word' id='word_1_418' title='bbox 1847 2057 2095 2126; x_wconf 66' lang='lat' dir='ltr'><strong>positam-2</strong></span> 
     </span>
     <span class='ocr_line' id='line_1_72' title="bbox 1104 2121 2096 2196; baseline 0.001 -19"><span class='ocrx_word' id='word_1_419' title='bbox 1104 2125 1192 2177; x_wconf 81' lang='lat' dir='ltr'><strong>esse</strong></span> <span class='ocrx_word' id='word_1_420' title='bbox 1208 2150 1223 2188; x_wconf 80' lang='lat'>3</span> <span class='ocrx_word' id='word_1_421' title='bbox 1241 2127 1319 2173; x_wconf 90' lang='lat' dir='ltr'><strong>cui</strong></span> <span class='ocrx_word' id='word_1_422' title='bbox 1339 2139 1500 2174; x_wconf 89' lang='lat' dir='ltr'><strong>tamen</strong></span> <span class='ocrx_word' id='word_1_423' title='bbox 1519 2121 1654 2173; x_wconf 79' lang='lat' dir='ltr'><strong>favet</strong></span> <span class='ocrx_word' id='word_1_424' title='bbox 1676 2127 1880 2177; x_wconf 89' lang='lat' dir='ltr'><strong>Lorinus</strong></span> <span class='ocrx_word' id='word_1_425' title='bbox 1898 2165 1914 2186; x_wconf 90' lang='lat'>,</span> <span class='ocrx_word' id='word_1_426' title='bbox 1941 2132 2021 2196; x_wconf 88' lang='lat' dir='ltr'><strong>qui</strong></span> <span class='ocrx_word' id='word_1_427' title='bbox 2047 2132 2096 2179; x_wconf 86' lang='lat' dir='ltr'><strong>in</strong></span> 
     </span>
     <span class='ocr_line' id='line_1_73' title="bbox 1105 2194 2094 2263; baseline 0.003 -18"><span class='ocrx_word' id='word_1_428' title='bbox 1105 2200 1231 2247; x_wconf 90' lang='lat' dir='ltr'><strong>notis</strong></span> <span class='ocrx_word' id='word_1_429' title='bbox 1249 2194 1310 2244; x_wconf 85' lang='lat' dir='ltr'><strong>ad</strong></span> <span class='ocrx_word' id='word_1_430' title='bbox 1329 2195 1515 2244; x_wconf 65' lang='lat' dir='ltr'><strong>distum</strong></span> <span class='ocrx_word' id='word_1_431' title='bbox 1536 2210 1684 2263; x_wconf 90' lang='lat' dir='ltr'><strong>caput</strong></span> <span class='ocrx_word' id='word_1_432' title='bbox 1701 2199 1750 2248; x_wconf 72' lang='grc' dir='ltr'><strong>ὃ(</strong></span> <span class='ocrx_word' id='word_1_433' title='bbox 1767 2197 2060 2248; x_wconf 79' lang='lat' dir='ltr'><strong>versiculum</strong></span> <span class='ocrx_word' id='word_1_434' title='bbox 2076 2208 2094 2259; x_wconf 79' lang='lat'><strong>&#39;,</strong></span> 
     </span>
     <span class='ocr_line' id='line_1_74' title="bbox 1104 2266 2094 2337; baseline 0.002 -21"><span class='ocrx_word' id='word_1_435' title='bbox 1104 2281 1274 2337; x_wconf 84' lang='lat' dir='ltr'><strong>praeter</strong></span> <span class='ocrx_word' id='word_1_436' title='bbox 1290 2266 1548 2334; x_wconf 87' lang='lat' dir='ltr'><strong>Apostolos</strong></span> <span class='ocrx_word' id='word_1_437' title='bbox 1562 2302 1577 2324; x_wconf 88' lang='lat'>,</span> <span class='ocrx_word' id='word_1_438' title='bbox 1593 2266 1978 2335; x_wconf 71' lang='lat' dir='ltr'><strong>gloriosissimam</strong></span> <span class='ocrx_word' id='word_1_439' title='bbox 1993 2288 2094 2318; x_wconf 86' lang='lat' dir='ltr'><strong>ma-</strong></span> 
     </span>
     <span class='ocr_line' id='line_1_75' title="bbox 1105 2336 2092 2408; baseline 0.001 -21"><span class='ocrx_word' id='word_1_440' title='bbox 1105 2354 1229 2389; x_wconf 90' lang='lat' dir='ltr'><strong>trem</strong></span> <span class='ocrx_word' id='word_1_441' title='bbox 1252 2338 1483 2394; x_wconf 89' lang='lat' dir='ltr'><strong>Domini,</strong></span> <span class='ocrx_word' id='word_1_442' title='bbox 1521 2339 1571 2388; x_wconf 83' lang='lat'>&amp;</span> <span class='ocrx_word' id='word_1_443' title='bbox 1592 2338 1708 2387; x_wconf 86' lang='lat' dir='ltr'><strong>alios</strong></span> <span class='ocrx_word' id='word_1_444' title='bbox 1725 2336 1997 2408; x_wconf 87' lang='lat' dir='ltr'><strong>Discipulos</strong></span> <span class='ocrx_word' id='word_1_445' title='bbox 2023 2343 2092 2388; x_wconf 87' lang='lat' dir='ltr'><strong>in-</strong></span> 
     </span>
     <span class='ocr_line' id='line_1_76' title="bbox 1104 2406 2093 2476; baseline -0.001 -17"><span class='ocrx_word' id='word_1_446' title='bbox 1104 2406 1312 2459; x_wconf 77' lang='lat' dir='ltr'><strong>terfuisse</strong></span> <span class='ocrx_word' id='word_1_447' title='bbox 1334 2406 1559 2466; x_wconf 85' lang='lat' dir='ltr'><strong>testatur,</strong></span> <span class='ocrx_word' id='word_1_448' title='bbox 1586 2407 1731 2476; x_wconf 89' lang='lat' dir='ltr'><strong>idque</strong></span> <span class='ocrx_word' id='word_1_449' title='bbox 1751 2412 1990 2460; x_wconf 87' lang='lat' dir='ltr'><strong>nonnullis</strong></span> <span class='ocrx_word' id='word_1_450' title='bbox 2007 2411 2093 2458; x_wconf 76' lang='lat' dir='ltr'><strong>Pa-</strong></span> 
     </span>
     <span class='ocr_line' id='line_1_77' title="bbox 1106 2475 2092 2547; baseline 0.002 -19"><span class='ocrx_word' id='word_1_451' title='bbox 1106 2494 1237 2528; x_wconf 82' lang='lat' dir='ltr'><strong>trum</strong></span> <span class='ocrx_word' id='word_1_452' title='bbox 1252 2475 1497 2529; x_wconf 89' lang='lat' dir='ltr'><strong>sententiis</strong></span> <span class='ocrx_word' id='word_1_453' title='bbox 1524 2479 1835 2547; x_wconf 86' lang='lat' dir='ltr'><strong>comprobat.</strong></span> <span class='ocrx_word' id='word_1_454' title='bbox 1873 2482 2045 2530; x_wconf 65' lang='lat' dir='ltr'><strong>Praeter</strong></span> <span class='ocrx_word' id='word_1_455' title='bbox 2065 2483 2092 2530; x_wconf 68' lang='lat' dir='ltr'><strong>a</strong></span> 
     </span>
     <span class='ocr_line' id='line_1_78' title="bbox 1107 2548 2090 2608; baseline 0 -10"><span class='ocrx_word' id='word_1_456' title='bbox 1107 2552 1285 2600; x_wconf 87' lang='lat' dir='ltr'><strong>Lorino</strong></span> <span class='ocrx_word' id='word_1_457' title='bbox 1315 2550 1509 2608; x_wconf 86' lang='lat' dir='ltr'><strong>allatos,</strong></span> <span class='ocrx_word' id='word_1_458' title='bbox 1546 2548 1852 2601; x_wconf 88' lang='lat' dir='ltr'><strong>consentiunt</strong></span> <span class='ocrx_word' id='word_1_459' title='bbox 1881 2554 1931 2603; x_wconf 73' lang='grc' dir='ltr'><strong>ὃ(</strong></span> <span class='ocrx_word' id='word_1_460' title='bbox 1968 2548 2090 2600; x_wconf 84' lang='lat' dir='ltr'><strong>Gas-</strong></span> 
     </span>
     <span class='ocr_line' id='line_1_79' title="bbox 1107 2620 2090 2691; baseline 0.001 -22"><span class='ocrx_word' id='word_1_461' title='bbox 1107 2640 1190 2691; x_wconf 85' lang='lat' dir='ltr'><strong>par</strong></span> <span class='ocrx_word' id='word_1_462' title='bbox 1207 2620 1418 2670; x_wconf 57' lang='lat' dir='ltr'><strong>sanetius</strong></span> <span class='ocrx_word' id='word_1_463' title='bbox 1433 2656 1449 2678; x_wconf 85' lang='lat'><strong><em>,</em></strong></span> <span class='ocrx_word' id='word_1_464' title='bbox 1487 2621 1538 2671; x_wconf 68' lang='grc' dir='ltr'><strong>ὃς</strong></span> <span class='ocrx_word' id='word_1_465' title='bbox 1560 2622 1836 2671; x_wconf 84' lang='lat' dir='ltr'><strong>Ludovicus</strong></span> <span class='ocrx_word' id='word_1_466' title='bbox 1855 2622 1914 2673; x_wconf 85' lang='lat' dir='ltr'><strong>de</strong></span> <span class='ocrx_word' id='word_1_467' title='bbox 1939 2624 2090 2671; x_wconf 84' lang='lat' dir='ltr'><strong>Ponte</strong></span> 
     </span>
     <span class='ocr_line' id='line_1_80' title="bbox 1106 2691 1779 2762; baseline -0.003 -21"><span class='ocrx_word' id='word_1_468' title='bbox 1106 2696 1155 2741; x_wconf 92' lang='lat' dir='ltr'><strong>in</strong></span> <span class='ocrx_word' id='word_1_469' title='bbox 1177 2691 1396 2742; x_wconf 82' lang='lat' dir='ltr'><strong>meditat.</strong></span> <span class='ocrx_word' id='word_1_470' title='bbox 1417 2692 1469 2741; x_wconf 85' lang='lat' dir='ltr'><strong>de</strong></span> <span class='ocrx_word' id='word_1_471' title='bbox 1487 2691 1747 2762; x_wconf 80' lang='lat' dir='ltr'><strong>Ascenstone</strong></span> <span class='ocrx_word' id='word_1_472' title='bbox 1769 2730 1779 2739; x_wconf 86' lang='lat'><strong>.</strong></span> 
     </span>
    </p>

    <p class='ocr_par' dir='ltr' id='par_1_11' title="bbox 1103 2760 2087 3320">
     <span class='ocr_line' id='line_1_81' title="bbox 1176 2760 2087 2834; baseline -0.004 -20"><span class='ocrx_word' id='word_1_473' title='bbox 1176 2762 1339 2826; x_wconf 85' lang='lat' dir='ltr'><strong>Objici</strong></span> <span class='ocrx_word' id='word_1_474' title='bbox 1358 2763 1504 2811; x_wconf 89' lang='lat' dir='ltr'><strong>etiam</strong></span> <span class='ocrx_word' id='word_1_475' title='bbox 1523 2760 1703 2830; x_wconf 84' lang='lat' dir='ltr'><strong>potest,</strong></span> <span class='ocrx_word' id='word_1_476' title='bbox 1721 2767 1884 2834; x_wconf 75' lang='lat' dir='ltr'><strong>JfisUM</strong></span> <span class='ocrx_word' id='word_1_477' title='bbox 1900 2780 1995 2813; x_wconf 91' lang='lat' dir='ltr'><strong>non</strong></span> <span class='ocrx_word' id='word_1_478' title='bbox 2016 2781 2087 2810; x_wconf 86' lang='lat' dir='ltr'><strong>ra-</strong></span> 
     </span>
     <span class='ocr_line' id='line_1_82' title="bbox 1107 2834 2086 2904; baseline -0.002 -21"><span class='ocrx_word' id='word_1_479' title='bbox 1107 2848 1245 2904; x_wconf 86' lang='lat' dir='ltr'><strong>ptum</strong></span> <span class='ocrx_word' id='word_1_480' title='bbox 1261 2870 1276 2892; x_wconf 83' lang='grc'>,</span> <span class='ocrx_word' id='word_1_481' title='bbox 1298 2851 1392 2881; x_wconf 89' lang='lat' dir='ltr'><strong>non</strong></span> <span class='ocrx_word' id='word_1_482' title='bbox 1414 2834 1727 2892; x_wconf 85' lang='lat' dir='ltr'><strong>translatum,</strong></span> <span class='ocrx_word' id='word_1_483' title='bbox 1756 2851 1852 2883; x_wconf 92' lang='lat' dir='ltr'><strong>non</strong></span> <span class='ocrx_word' id='word_1_484' title='bbox 1874 2835 2086 2902; x_wconf 86' lang='lat' dir='ltr'><strong>Angelo-</strong></span> 
     </span>
     <span class='ocr_line' id='line_1_83' title="bbox 1104 2901 2087 2974; baseline -0.004 -22"><span class='ocrx_word' id='word_1_485' title='bbox 1104 2922 1214 2953; x_wconf 89' lang='lat' dir='ltr'><strong>rum</strong></span> <span class='ocrx_word' id='word_1_486' title='bbox 1243 2904 1571 2962; x_wconf 84' lang='lat' dir='ltr'><strong>adminiculo,</strong></span> <span class='ocrx_word' id='word_1_487' title='bbox 1608 2901 1690 2953; x_wconf 91' lang='lat' dir='ltr'><strong>sed</strong></span> <span class='ocrx_word' id='word_1_488' title='bbox 1713 2903 1906 2974; x_wconf 63' lang='lat' dir='ltr'><strong>propriz&#39;i</strong></span> <span class='ocrx_word' id='word_1_489' title='bbox 1934 2909 2087 2953; x_wconf 88' lang='lat' dir='ltr'><strong>virtu-</strong></span> 
     </span>
     <span class='ocr_line' id='line_1_84' title="bbox 1103 2970 2086 3043; baseline -0.005 -19"><span class='ocrx_word' id='word_1_490' title='bbox 1103 2989 1150 3025; x_wconf 92' lang='lat' dir='ltr'><strong>te</strong></span> <span class='ocrx_word' id='word_1_491' title='bbox 1174 2974 1430 3024; x_wconf 80' lang='lat' dir='ltr'><strong>subnixum</strong></span> <span class='ocrx_word' id='word_1_492' title='bbox 1450 3011 1467 3032; x_wconf 92' lang='lat'>‚</span> <span class='ocrx_word' id='word_1_493' title='bbox 1504 2992 1600 3023; x_wconf 86' lang='lat' dir='ltr'><strong>non</strong></span> <span class='ocrx_word' id='word_1_494' title='bbox 1625 2975 1927 3043; x_wconf 85' lang='lat' dir='ltr'><strong>gradientem</strong></span> <span class='ocrx_word' id='word_1_495' title='bbox 1951 3010 1967 3030; x_wconf 94' lang='lat'><em>‚</em></span> <span class='ocrx_word' id='word_1_496' title='bbox 2006 2970 2086 3020; x_wconf 85' lang='lat' dir='ltr'><strong>sed</strong></span> 
     </span>
     <span class='ocr_line' id='line_1_85' title="bbox 1103 3038 2087 3104; baseline -0.006 -10"><span class='ocrx_word' id='word_1_497' title='bbox 1103 3060 1264 3096; x_wconf 86' lang='lat' dir='ltr'><strong>totum</strong></span> <span class='ocrx_word' id='word_1_498' title='bbox 1285 3044 1426 3095; x_wconf 80' lang='lat' dir='ltr'><strong>simul</strong></span> <span class='ocrx_word' id='word_1_499' title='bbox 1457 3046 1704 3095; x_wconf 87' lang='lat' dir='ltr'><strong>elevatum</strong></span> <span class='ocrx_word' id='word_1_500' title='bbox 1722 3082 1738 3104; x_wconf 86' lang='lat'>,</span> <span class='ocrx_word' id='word_1_501' title='bbox 1778 3050 1825 3094; x_wconf 86' lang='lat' dir='ltr'><strong>in</strong></span> <span class='ocrx_word' id='word_1_502' title='bbox 1847 3045 1993 3092; x_wconf 87' lang='lat' dir='ltr'><strong>coelos</strong></span> <span class='ocrx_word' id='word_1_503' title='bbox 2011 3038 2087 3089; x_wconf 85' lang='lat' dir='ltr'><strong>su-</strong></span> 
     </span>
     <span class='ocr_line' id='line_1_86' title="bbox 1104 3114 2086 3187; baseline -0.007 -21"><span class='ocrx_word' id='word_1_504' title='bbox 1104 3134 1190 3187; x_wconf 89' lang='lat' dir='ltr'><strong>per</strong></span> <span class='ocrx_word' id='word_1_505' title='bbox 1225 3117 1406 3167; x_wconf 88' lang='lat' dir='ltr'><strong>nubem</strong></span> <span class='ocrx_word' id='word_1_506' title='bbox 1443 3114 1694 3167; x_wconf 73' lang='lat' dir='ltr'><strong>ascendisse</strong></span> <span class='ocrx_word' id='word_1_507' title='bbox 1728 3137 1742 3174; x_wconf 82' lang='lat'>3</span> <span class='ocrx_word' id='word_1_508' title='bbox 1794 3126 2086 3181; x_wconf 84' lang='lat' dir='ltr'><strong>quapropter</strong></span> 
     </span>
     <span class='ocr_line' id='line_1_87' title="bbox 1104 3182 2083 3256; baseline -0.008 -19"><span class='ocrx_word' id='word_1_509' title='bbox 1104 3189 1228 3237; x_wconf 62' lang='lat' dir='ltr'><strong>mal&amp;</strong></span> <span class='ocrx_word' id='word_1_510' title='bbox 1258 3190 1306 3235; x_wconf 90' lang='lat' dir='ltr'><strong>in</strong></span> <span class='ocrx_word' id='word_1_511' title='bbox 1328 3189 1412 3236; x_wconf 85' lang='lat' dir='ltr'><strong>hac</strong></span> <span class='ocrx_word' id='word_1_512' title='bbox 1433 3189 1604 3256; x_wconf 86' lang='lat' dir='ltr'><strong>Figura</strong></span> <span class='ocrx_word' id='word_1_513' title='bbox 1633 3185 1727 3233; x_wconf 89' lang='lat' dir='ltr'><strong>duo</strong></span> <span class='ocrx_word' id='word_1_514' title='bbox 1754 3185 1933 3252; x_wconf 86' lang='lat' dir='ltr'><strong>Angeli</strong></span> <span class='ocrx_word' id='word_1_515' title='bbox 1949 3219 1965 3241; x_wconf 86' lang='lat'><em>,</em></span> <span class='ocrx_word' id='word_1_516' title='bbox 2003 3182 2083 3249; x_wconf 85' lang='lat' dir='ltr'><strong>qui</strong></span> 
     </span>
     <span class='ocr_line' id='line_1_88' title="bbox 1107 3252 2080 3320; baseline -0.009 -12"><span class='ocrx_word' id='word_1_517' title='bbox 1107 3257 1287 3309; x_wconf 87' lang='lat' dir='ltr'><strong>nubem</strong></span> <span class='ocrx_word' id='word_1_518' title='bbox 1321 3260 1543 3315; x_wconf 86' lang='lat' dir='ltr'><strong>elevant,</strong></span> <span class='ocrx_word' id='word_1_519' title='bbox 1582 3254 1752 3320; x_wconf 59' lang='lat' dir='ltr'><strong>adjeRi</strong></span> <span class='ocrx_word' id='word_1_520' title='bbox 1788 3252 1926 3303; x_wconf 84' lang='lat' dir='ltr'><strong>sunt.</strong></span> <span class='ocrx_word' id='word_1_521' title='bbox 1967 3255 2080 3302; x_wconf 91' lang='lat' dir='ltr'><strong>Hoc</strong></span> 
     </span>
    </p>

    <p class='ocr_par' dir='ltr' id='par_1_12' title="bbox 1591 3326 2083 3372">
     <span class='ocr_line' id='line_1_89' title="bbox 1591 3326 2083 3372; baseline -0.004 0"><span class='ocrx_word' id='word_1_522' title='bbox 1591 3326 1638 3372; x_wconf 90' lang='lat' dir='ltr'>G</span> <span class='ocrx_word' id='word_1_523' title='bbox 1921 3336 2083 3372; x_wconf 88' lang='lat' dir='ltr'><strong>tamen</strong></span> 
     </span>
    </p>
   </div>
  </div>
 </body>
</html>
