2425 3747
738 201 1243 258 CAPUT
1341 202 1479 255 XII.

101 280 190 326 aevi
211 278 439 347 longioris
457 274 628 340 injuriat
641 311 656 332 ,
677 289 759 341 aut
778 276 894 323 aeris
911 272 1079 323 afflatu

99 350 249 398 vivax
276 348 586 415 quantumvis
618 344 802 413 pictura
835 345 1076 395 decolora-

96 431 178 466 tur
193 453 209 475 ,
235 419 652 486 corrumpiturque
673 435 684 463 :
723 412 975 463 Mufivum
996 434 1076 463 au-

96 500 200 536 tem
216 485 412 536 induiffe
430 488 623 535 videtur
641 488 1077 543 immortalitatem,

96 555 210 606 crim
241 558 374 605 nullo
403 558 634 625 temporis
666 553 827 603 morsu
849 554 1074 605 debilite-

94 641 206 684 tur,
238 624 368 673 nulla
399 629 514 675 aeris
544 627 828 694 intemperie
849 662 864 684 ,
903 640 983 674 aut
1015 626 1076 673 ri-

93 714 208 765 gore
235 695 518 758 dejiciatur3
553 696 681 764 quod
709 697 882 746 eximit}
912 695 1079 745 testan-

91 779 173 814 tur
192 779 264 814 tot
283 765 593 815 vetustiffima
614 768 919 815 Monimenta
937 802 952 823 ,
975 783 1074 832 quae

88 837 301 903 plurima
322 836 490 897 saecula
506 837 813 906 superarunt,
828 837 925 883 imo
946 837 996 886 &
1015 832 1072 882 ab

89 904 200 974 ipsis
218 925 311 955 non
329 926 476 975 parva
492 905 560 955 sui
579 908 760 956 decoris
781 909 1074 956 incrementa

85 978 332 1045 accepere,
347 976 668 1042 Prenestinum
684 975 950 1046 presertim,
965 976 1076 1024 alia-

84 1065 180 1113 que
202 1045 394 1097 Mufiva
408 1084 425 1106 ,
445 1066 651 1116 quorum
673 1047 964 1115 exemplaria
982 1045 1073 1093 suis

87 1117 206 1166 locis
225 1116 529 1186 apposuimus
548 1155 557 1164 .
588 1118 749 1184 Qar&
769 1119 981 1166 maximo
1001 1121 1072 1180 ju-

85 1204 139 1236 re
157 1223 171 1244 ‚
211 1189 262 1238 &
286 1185 479 1236 consilio
503 1201 725 1235 aeternam
748 1188 990 1237 Pisturam
1018 1187 1072 1233 il-

88 1257 173 1305 lud
194 1258 472 1316 vocaveris,
497 1255 607 1304 cum
633 1255 991 1325 pulchritudine
1018 1273 1072 1304 ac

81 1323 240 1395 specie
263 1322 460 1376 Pisturae
479 1344 562 1394 par
586 1324 644 1374 fit
661 1362 677 1385 ,
715 1345 767 1374 ac
796 1325 973 1376 deinde
994 1344 1072 1394 pe-

83 1399 336 1447 :tennitatis
379 1395 637 1447 constantii
675 1399 815 1466 longe)
851 1415 961 1449 eam
997 1396 1070 1446 su-

79 1482 245 1541 peret.
652 1511 656 1513 ,

159 1536 347 1609 Verum
369 1540 570 1608 ingenue
588 1538 841 1594 fatendum
860 1540 928 1593 est
937 1578 953 1602 ‚
972 1560 1070 1591 ma-

80 1614 266 1661 ximam
285 1613 312 1659 a
339 1611 527 1660 Pictura
555 1632 698 1683 opem
721 1629 948 1684 expetere
965 1650 982 1673 ,
1019 1615 1070 1664 &

82 1687 134 1733 in
155 1679 252 1731 suis
282 1682 553 1747 primordiis
572 1686 654 1726 illst
682 1687 915 1746 praecipu&
943 1683 1069 1730 indi-

77 1768 195 1823 gere
222 1785 238 1808 ‚
276 1761 331 1796 ut
367 1747 528 1797 laudes
556 1748 841 1805 hominum,
880 1746 1067 1795 bonita-

76 1829 143 1872 tis
175 1838 227 1868 ac
263 1817 521 1867 venustatis
553 1821 744 1885 praemia
772 1814 1066 1884 assequatur.

77 1890 323 1959 roirca
353 1887 511 1955 primo
548 1901 842 1955 prototypus
877 1885 935 1932 ab
969 1887 1068 1933 exi-

75 1965 185 2012 mio
201 1958 387 2008 Pictore
407 1957 705 2017 delineetur,
732 1951 1068 2022 coloribusque

78 2030 299 2083 accurate
327 2027 674 2095 distinguatur,
699 2042 754 2077 ut
782 2027 893 2077 inde
916 2023 1067 2076 Mufi-

77 2103 242 2153 varius
260 2098 437 2168 pistam
457 2096 685 2147 tabellam
714 2101 955 2167 exprimat
987 2095 1067 2145 ad·

80 2168 302 2224 amuffim
318 2204 335 2228 ,
350 2185 404 2217 ac
422 2166 537 2216 scita
551 2205 567 2228 ,
583 2168 912 2238 oportunaque
932 2168 1069 2237 lapil-

81 2247 243 2294 lorum
273 2235 581 2308 dispositione
617 2242 837 2288 imitetur
857 2275 873 2297 ,
910 2237 1064 2286 immo

78 2316 229 2365 etiam
246 2311 498 2360 aemuletur
513 2346 524 2356 .
555 2308 684 2360 Cum
700 2324 860 2359 autem
885 2310 932 2356 in
950 2312 1064 2358 Mu-

80 2383 192 2434 fivis
214 2399 383 2450 magna
409 2380 781 2448 pulchritudinis
810 2381 967 2448 portio
989 2397 1070 2449 pe-

82 2456 162 2503 nes
185 2452 422 2501 PiElorem
441 2447 497 2498 fit
512 2487 528 2508 ‚
559 2450 725 2501 sedulo
746 2451 826 2500 iste
846 2449 914 2498 sui
931 2454 1068 2520 Ope-

80 2527 144 2574 ris
163 2521 309 2573 finem
333 2523 595 2587 recogitare
615 2519 793 2572 necesse
814 2520 956 2570 habet
970 2558 986 2579 ,
1014 2539 1068 2569 ac

78 2593 284 2665 proinde
304 2591 586 2660 graph1dem
613 2593 761 2640 latam
778 2629 792 2651 ,
821 2606 1036 2661 apertam
1052 2628 1068 2650 ,

77 2665 364 2731 facilemque
387 2664 636 2711 continuet
648 2665 726 2724 3'&
745 2661 780 2712 si
801 2665 847 2711 in
865 2664 1068 2711 aliarum

79 2735 400 2785 delineatione
435 2731 710 2781 tabularum
746 2731 921 2802 magna
960 2747 1068 2781 turn

78 2807 251 2876 praxi,
276 2818 384 2852 tum
408 2803 577 2867 judicii
610 2802 804 2854 solertiz'i
837 2803 944 2852 usus
972 2802 1068 2861 est,

81 2880 132 2925 in
160 2878 215 2924 iis
237 2893 338 2942 quae
353 2871 559 2922 Mufivis
586 2874 888 2932 inserviunt,
917 2873 1064 2923 soler-

81 2945 285 2995 tiffimus
302 2981 320 3003 ,
358 2962 411 2992 ac
431 2943 815 3012 vigilantiffimus
843 2943 902 2993 fit
920 2981 931 2992 .
971 2947 1063 2995 'Vi-

79 3017 224 3065 tanda
243 3016 466 3085 praeterea
480 3032 567 3082 pro
585 3016 768 3065 viribus
793 3018 930 3084 copia
949 3012 1067 3083 figu-

79 3103 274 3146 rarum,
298 3103 411 3134 nam
432 3085 692 3135 earundem
708 3088 978 3156 congeries,
1009 3105 1063 3134 ac

76 3157 409 3223 multiplicitas
427 3157 704 3223 importuna
727 3157 822 3215 est,
849 3160 899 3209 &
916 3156 1058 3205 deco-

2046 213 2111 266 89

1133 276 1363 343 praecipue
1383 277 1430 322 in
1446 270 1641 324 Mufivo
1659 280 1816 342 mqjori
1833 308 1849 330 ,
1877 293 1929 322 ac
1949 278 2084 326 medio
2097 313 2113 334 ,

1130 347 1352 411 quamvis
1399 347 1447 392 in
1485 342 1681 393 Mufivo
1719 350 1900 394 minimo
1928 345 2069 393 liceat
2095 368 2110 407 3

1131 413 1242 462 cum
1263 413 1381 462 adeo
1398 416 1624 463 minutim
1641 414 1813 465 concifi
1827 451 1844 472 ‚
1871 434 1923 464 ac
1943 413 2112 463 discre-

1131 485 1168 531 ti
1199 485 1351 552 lapilli
1379 485 1715 544 inveniantur,
1751 499 1806 534 ut
1838 485 1917 534 vel
1939 486 2111 552 imple-

1130 571 1213 601 xos
1238 571 1398 602 rerum
1424 590 1440 611 ‚
1477 552 1830 623 figurarumque
1856 573 2004 605 nexus
2038 554 2108 602 di-

1129 623 1432 680 scriminent,
1465 643 1518 671 ac
1546 624 1842 675 discernant:
1872 645 1925 673 ac
1944 625 2108 694 proin-

1129 693 1189 742 de
1210 692 1424 740 insanum
1437 729 1453 751 ,
1470 695 1520 743 δε
1540 713 1706 743 vecors
1726 693 1977 746 consilium
1998 693 2111 746 esset

1129 764 1287 833 praelia
1312 799 1328 820 ,
1365 763 1524 812 turbas
1542 799 1558 820 ,
1595 779 1676 812 aut
1704 767 1819 831 quid
1845 763 1996 816 simile
2023 768 2110 815 ἰὼ

1127 836 1283 902 prima
1298 870 1313 891 ,
1347 834 1398 883 ὃς
1416 831 1619 883 secunda
1640 834 1794 903 specie
1820 833 2005 885 Mufivi
2026 837 2109 887 de-

1127 907 1303 954 lineare
1319 940 1335 962 ,
1364 906 1529 974 utpote
1544 922 1616 955 res
1631 903 1795 976 suz'ipte
1811 906 1978 954 natural
1999 926 2109 959 con-

1124 972 1248 1023 fusas
1265 1011 1281 1033 ,
1310 976 1360 1025 &
1388 978 1475 1024 vix
1498 975 1556 1024 ab
1586 978 1700 1026 exili
1724 1014 1742 1036 ,
1779 975 2109 1046 leviffimoque

1127 1046 1385 1114 pennicillo
1415 1046 1679 1097 reddendas
1701 1084 1712 1095 .
1751 1048 1922 1113 Neque}
1950 1062 2112 1100 tamen

1127 1116 1309 1181 §udicio
1335 1134 1443 1165 meo
1469 1115 1660 1184 gravius
1687 1131 1933 1184 peccaret,
1961 1121 2042 1185 qui
2066 1122 2113 1168 in

1126 1184 1350 1255 operibus
1371 1185 1495 1235 hisce
1510 1187 1661 1235 multa
1676 1223 1693 1245 ,
1718 1205 1771 1235 ac
1790 1187 2026 1254 implicita
2041 1208 2112 1239 re-

1125 1254 1424 1326 praesentaret
1436 1293 1452 1314 ,
1470 1259 1613 1323 quam
1629 1258 1712 1323 qui
1730 1255 1889 1325 figuris
1905 1259 1983 1307 vel
2000 1277 2114 1326 pau-

1125 1331 1190 1377 cis
1201 1364 1218 1386 ,
1242 1324 1437 1394 aliisque
1456 1325 1596 1376 rebus
1617 1326 1808 1375 umbras
1824 1344 2112 1394 apponeret,

1125 1394 1385 1468 longosque
1413 1410 1521 1446 atrae
1543 1398 1760 1466 caliginis
1786 1397 1962 1445 traGtus
1983 1401 2117 1447 velu-

1124 1471 1162 1518 ti
1182 1465 1477 1539 pedissequos
1496 1467 1720 1526 adderet,
1758 1482 1812 1517 ut
1837 1469 1884 1516 in
1918 1468 2115 1536 picturis

1123 1560 1221 1592 non
1238 1537 1333 1590 fin&
1354 1539 1495 1588 laude
1514 1536 1807 1608 conspicitur
1823 1574 1833 1585 .
1874 1539 2006 1588 Illud
2025 1541 2113 1610 igi-

1125 1626 1204 1661 tur
1232 1629 1351 1680 opus
1381 1611 1571 1660 honoris
1593 1611 1838 1678 palmam,
1872 1609 1922 1659 δε
1953 1610 2112 1659 homi-

1786 1680 1916 1740 quod
1952 1681 2116 1744 paucis

1122 1755 1436 1800 contentum,
1465 1742 1635 1791 areolis
1662 1761 1716 1792 ac
1735 1741 1896 1812 spatiis
1914 1748 2111 1813 interje-

1123 1816 1210 1866 &is
1244 1811 1415 1882 figuras
1453 1811 1696 1862 divideret
1726 1849 1743 1872 ,
1780 1816 1902 1863 itaut
1939 1817 1986 1865 in
2026 1821 2113 1869 illo

1124 1882 1296 1933 clarius
1324 1883 1503 1931 niteret
1527 1900 1623 1931 non
1651 1884 1769 1949 quid
1789 1901 2074 1953 perpetuum
2093 1897 2113 1949 ,'

1122 1953 1202 2005 sed
1220 1951 1436 2002 ordinat&
1455 1948 1731 2002 distinstum
1747 1989 1765 2013 ‚
1791 1971 2020 2023 pompam
2038 1960 2112 2006 lu·-

1123 2025 1282 2076 cidam
1303 2019 1708 2083 discernentibus,
1733 2024 2112 2094 augentibusque

1123 2096 1300 2166 lapillis
1328 2092 1710 2144 obscurioribus:
1749 2095 1876 2145 unde
1904 2094 2109 2148 feliciter

1124 2179 1314 2236 caperet
1328 2203 1344 2225 ,
1365 2179 1507 2232 atque
1525 2164 1769 2234 deciperet
1789 2168 1984 2224 oculos,
2012 2186 2107 2217 non

1118 2237 1236 2308 quid
1256 2233 1544 2293 interrasile,
1564 2233 1644 2285 sed
1663 2232 1902 2303 piRuram
1920 2235 2006 2285 fibi
2025 2238 2108 2287 ob-

1120 2310 1295 2378 jeChim
1315 2320 1560 2377 putantes,
1585 2303 1969 2374 admirantesque
1988 2343 1999 2353 .

1123 1701 1242 1723 num
1277 1679 1467 1739 plausu-5
1500 1676 1697 1721 referret
1724 1709 1741 1730 ‚

1293 2447 1669 2504 CAPUT
1742 2451 1928 2500 XIII.

1123 2592 1381 2662 Dg'ffi'rtatio
1416 2591 1469 2640 de
1488 2588 1864 2660 Monogrammate
1888 2589 1942 2640 L.
1968 2589 2023 2640 ἴθ’
2053 2591 2108 2641 de

1192 2664 1415 2713 nonnullis
1447 2664 1551 2711 aliis
1569 2665 1715 2711 literis
1729 2698 1745 2719 ,
1766 2661 1999 2730 fiufigm's
2014 2695 2033 2719 ,

1246 2738 1296 2782 in
1313 2732 1719 2801 ‘vestiumfimbriis
1735 2734 1983 2801 antiquittis·

1452 2808 1584 2872 pingi
1588 2805 1742 2874 filicis
1758 2839 1769 2850 .

1217 2944 1472 2994 Pecu-rum
1491 2941 1677 2992 admisti
1696 2943 1842 2993 risum
1861 2951 2098 2992 tenerent-

1249 3029 1306 3061 ne
1326 3013 1657 3082 Progenitores
1675 3013 1852 3072 nostri,
1883 3010 1918 3059 fi
1938 3013 2001 3059 eis
2017 3009 2098 3057 da-

1117 3104 1224 3137 tum
1247 3079 1360 3135 effet
1375 3084 1399 3132 ὲ
1419 3083 1670 3153 sepulchro
1686 3083 1938 3135 observare
1953 3082 2100 3146 quam

1115 3160 1434 3228 depravatum
1457 3191 1475 3213 ‚
1512 3159 1656 3222 quam
1682 3150 1911 3202 insulsum
1934 3186 1950 3207 ,
1989 3150 2040 3201 ὃς
2071 3153 2100 3200 ὲ

81 3242 185 3275 rem
214 3228 368 3293 operis
394 3227 574 3275 minuit
594 3263 611 3287 ,
649 3227 1022 3295 confunditque,
1033 3264 1051 3288 ,
1111 3232 1318 3280 veritate
1335 3223 1522 3293 prorsus
1541 3227 1754 3274 alienum
1773 3221 1832 3272 de
1853 3221 2098 3271 nonnullis

147 3296 292 3351 Paul.

1967 3291 2091 3339 anti-

1596 3296 1656 3343 M
