2425 3747
693 175 1202 230 CAPUT
1304 170 1466 225 XIV.

88 251 305 300 accurat&
321 267 462 298 voces
481 248 548 295 hae
568 244 941 313 perpendantur,
957 261 1063 312 pro-

86 319 213 371 festo
240 320 367 370 haud
388 320 618 387 exiguum
647 318 773 364 inter
795 333 870 365 eas
898 315 1064 364 discri-

87 410 203 442 men
231 392 503 440 invenietur
524 422 535 433 .
574 386 813 436 Diadema
843 388 972 436 enim
995 383 1063 433 fa-

88 461 183 510 scia
211 461 426 529 quaedam
449 457 514 508 est
532 457 760 515 candida,
781 476 832 506 ac
854 456 1066 515 subtilis,

91 531 351 600 capitisque
371 528 620 578 vinculum
633 564 649 586 ‚
667 542 719 577 ut
738 527 944 578 ostendit
963 527 1068 576 Plu-

90 603 278 650 tarchus
299 604 346 649 in
365 598 647 657 Lucu110‚de
664 600 931 648 Mitridatis
952 615 1068 646 uxo-

89 690 138 721 re
164 670 225 719 fic
241 673 460 738 loquens:
496 668 698 719 Lacerato
730 675 886 735 capitis
919 670 1068 719 diade-

91 758 235 799 mate,
272 743 390 793 illud
412 743 706 811 circumpositit
736 744 838 791 collo
857 777 873 799 ,
898 742 1067 810 seque-2

76 813 336 882 suspendit3
355 814 512 864 ft'atim
532 829 668 862 autem
677 809 830 881 sraHo
844 847 858 868 ,
880 817 900 859 ὸ
920 817 1067 880 ingra-

86 900 130 931 te
147 919 162 940 ‚
201 885 389 953 inquit,
412 898 583 950 pitane,
610 888 659 933 ne
678 883 737 931 ad
756 885 831 932 hoc
862 884 1068 951 quidem...

93 955 204 1003 mibi
235 956 363 1005 utilis
387 961 502 1006 eris?
534 973 589 1004 ex
611 971 704 1020 quo
738 950 981 1001 manifesta
1006 948 1070 999 est

90 1026 216 1072 inter
236 1044 457 1084 coronas,
478 1026 529 1075 δε
548 1023 819 1073 diademata
845 1018 1068 1072 differen-

90 1096 158 1142 tia
177 1130 193 1152 ,
232 1094 341 1144 etim
363 1098 450 1144 illae
474 1096 540 1142 nil
560 1092 746 1163 prorsus
779 1111 891 1141 cum
911 1091 1070 1141 candi-

90 1166 223 1221 da,ac
240 1163 402 1214 subtili
422 1163 561 1212 fascia
576 1181 833 1211 commune
852 1163 1070 1211 habeant.

90 1234 387 1296 Hujusmodi
408 1237 536 1283 lineo
559 1235 723 1301 capitis
744 1234 959 1290 vinculo,
978 1229 1073 1280 sive

90 1304 390 1363 diademate,
427 1321 656 1370 magnum
695 1304 1071 1352 Alexandrum-2

88 1374 229 1423 usum
259 1372 403 1425 fuiffe
423 1376 564 1425 docet
583 1373 797 1444 Justinus
824 1374 906 1424 lib.
943 1389 987 1436 5.
1029 1376 1072 1422 Is

89 1463 294 1513 namque
324 1444 435 1495 cum
454 1442 799 1512 Lysimachum
819 1443 954 1494 hastae
977 1442 1074 1492 cus·

89 1516 199 1582 pide
232 1521 298 1566 ita
326 1513 614 1567 vulnerasset
633 1552 650 1575 ,
687 1531 740 1565 ut
770 1514 953 1585 sanguis
979 1517 1072 1563 mi-

88 1588 216 1635 nim&
244 1586 333 1637 sisti
364 1585 511 1656 posset
531 1623 547 1645 ,
584 1589 796 1637 vulneris
824 1584 1072 1656 obligandi

87 1657 241 1724 gratia
273 1657 498 1707 diadema
532 1658 755 1725 deposuit
781 1693 796 1715 ‚
830 1660 880 1708 &
915 1658 1070 1722 expli-

87 1730 190 1775 cuit
207 1765 217 1775 .
258 1726 426 1778 Fasciae
442 1728 629 1796 quoqu&
644 1765 660 1788 ,
688 1726 766 1777 seu
788 1725 1072 1775 diadematis

89 1801 315 1847 meminit
343 1801 632 1846 Ammianus
651 1798 964 1847 Marcellinus
986 1794 1070 1844 lib.

95 1886 172 1928 17.
212 1867 295 1916 ubi
334 1868 392 1917 de
433 1869 662 1935 Pompejo
702 1885 842 1935 agens
880 1866 1030 1914 tradit
1056 1899 1072 1923 ,

88 1939 214 1987 hunc
248 1935 442 1986 fasciam
480 1937 763 1987 diadematis
795 1937 1070 1987 exulcerato

89 2011 214 2057 cruri
242 2005 489 2077 applicasse
506 2044 522 2066 ,
548 2010 675 2057 unde
692 2011 718 2058 ἒι
738 2007 980 2057 nonnullis
1001 2007 1072 2053 in-

92 2092 311 2148 crepatus
335 2078 454 2126 fuit.
485 2079 763 2128 Marcellini
795 2076 945 2129 verba
977 2079 1072 2126 haec

90 2148 227 2198 sunt:
254 2149 433 2200 Necnon
455 2154 586 2199 etiam
606 2154 653 2199 in
674 2151 918 2216 Pompejum
937 2148 1072 2199 obtre-

91 2220 274 2271 §latores
293 2224 439 2290 iniqui
455 2223 589 2269 multa
598 2222 841 2289 scrutantes
857 2255 871 2277 ,
889 2222 982 2268 ciam
1005 2224 1071 2273 ni-

94 2292 167 2340 hil
179 2293 290 2340 unde
307 2295 560 2357 vituperari
576 2292 745 2345 deberet
764 2294 1045 2340 inveniretur
1056 2325 1072 2348 ,

93 2362 174 2409 duo
201 2364 282 2411 haec
309 2362 660 2430 observaverunt
678 2360 915 2428 ludibriosa
935 2364 989 2411 Θ
1005 2365 1071 2409 ir-

93 2435 211 2480 rita:
250 2433 361 2500 quod
380 2437 565 2500 genuino
596 2433 774 2502 quodam
812 2451 925 2480 more
953 2445 1076 2497 caput

93 2503 236 2571 digito
260 2503 590 2570 ztnofialpebat:
620 2504 806 2572 quodque
824 2501 1078 2571 aliquandiu

94 2573 268 2642 tegendi
300 2575 454 2622 ulceris
487 2580 611 2624 causa
642 2571 876 2642 deformis,
890 2571 1077 2644 fizsbiolti

97 2644 284 2693 candida
303 2663 399 2693 crus
419 2644 675 2712 colligabat:
703 2664 873 2713 quorum
896 2647 1077 2695 alterum

86 2711 299 2781 fizHitare
327 2731 375 2763 ut
403 2714 647 2782 dffilutum
663 2751 678 2773 ,
715 2719 895 2766 alterum
922 2731 971 2765 ut
1000 2734 1073 2763 no-

97 2803 257 2835 varum
284 2804 425 2834 rerum
448 2788 644 2853 cupidum
662 2785 925 2857 affi’rebant:
959 2788 1081 2836 nihil

97 2857 290 2924 intereffe
307 2854 568 2908 oblatrantes
593 2873 836 2927 argumento
850 2852 1072 2927 subfrigi-

99 2928 151 2975 do
182 2944 305 2995 quam
324 2941 491 2991 partem
524 2934 707 2994 corporis
731 2930 958 2979 redimiret
985 2931 1076 2980 Re-

95 3002 176 3065 giae
209 2998 457 3062 majestatis
485 2999 648 3068 instgni
674 3019 764 3049 eum
784 3005 968 3057 virum,
997 3020 1075 3068 quo

100 3064 345 3135 necfhrtior
362 3105 376 3126 ‚
404 3087 478 3118 nec
504 3074 666 3118 cautior
691 3073 911 3140 quisquam
920 3074 1075 3135 patriae

89 3136 189 3205 fuit
209 3170 219 3181 ·
252 3139 399 3189 Unde
419 3139 477 3188 de
502 3157 557 3188 eo
577 3137 638 3188 fic
663 3143 816 3189 Cinna
839 3142 1011 3189 cecinit
1026 3177 1037 3188 .

173 3204 358 3271 fasciola
384 3215 457 3278 qui
475 3228 597 3272 crura
618 3214 726 3279 tegit
746 3247 761 3268 ,
792 3212 933 3280 digito
951 3226 1076 3280 caput

242 3295 321 3325 uno

2006 192 2026 221 1
2043 193 2060 222 1
2077 195 2097 225 1

1187 248 1222 299 S
1223 250 1356 313 calpit
1374 280 1389 302 ,
1426 241 1536 312 quid
1556 242 1701 293 credas
1728 241 1842 290 hunc
1860 241 1955 310 fibi
1979 247 2101 295 velle

1258 323 1412 369 ‘virum
1430 326 1446 361 ἓ·

1188 387 1467 436 Plutarchus
1499 386 1548 434 in
1576 379 1791 439 Caesare,
1815 378 1899 427 ubi
1925 380 1985 430 de
2004 384 2098 431 Lu-

1121 457 1383 530 percalibus
1402 457 1500 523 agit
1514 493 1530 514 ,
1551 454 1808 504 discrimen
1825 451 1958 519 quod
1979 470 2102 520 quae-

1121 534 1267 579 rimus
1292 531 1417 576 inter
1450 526 1705 583 diadema,
1728 525 1779 575 &
1806 539 2002 571 coronas
2030 521 2098 571 sa-

1120 604 1178 650 tis
1203 599 1386 658 innuit3
1407 598 1473 645 ait
1493 598 1651 654 enim,
1673 595 1948 644 Antonium
1962 597 2097 644 Con-

1120 670 1273 720 sulem
1291 667 1451 732 Cesari
1466 668 1745 735 Lupercalia
1761 665 1988 734 spestanti
2005 664 2103 713 dia-

1121 743 1263 792 dema
1290 737 1413 788 serto
1451 738 1613 787 laureo
1641 737 2098 785 circumvolutum„

1121 807 1366 863 obtulisse:
1394 814 1490 872 ejus
1507 806 1655 858 verba
1680 805 1743 854 fic
1765 804 1809 855 se
1830 805 2033 856 habent:
2050 806 2098 857 Is

1121 888 1327 950 (nempe
1346 881 1621 941 Antonius)
1648 893 1695 928 ut
1716 882 1765 927 in
1776 875 1926 945 forum
1936 885 2100 942 ‘hervee

1124 960 1218 1011 nit,
1241 953 1495 1020 populusque
1521 957 1562 1001 ei
1590 953 1723 999 locum
1743 949 1930 998 adeundi
1946 948 2069 997 dedit
2084 984 2100 1006 ,

1123 1025 1320 1076 diadema
1326 1025 1444 1091 serto
1461 1025 1601 1072 laureo
1625 1021 1988 1086 circumplicatum
1998 1033 2102 1085 por-

1123 1100 1242 1146 rexit
1266 1131 1276 1141 .
1316 1096 1385 1140 Ex
1416 1091 1586 1159 quibus
1614 1089 1745 1137 aliud
1774 1089 1799 1135 a
1828 1090 2102 1139 diademate

1124 1161 1256 1215 fuisse
1276 1163 1483 1220 sertum,
1508 1162 1588 1211 seu
1613 1160 1828 1207 lauream
1849 1177 2104 1217 coronam,

1126 1253 1269 1286 nemo
1289 1253 1384 1284 non
1407 1232 1569 1282 videt.
1610 1228 1797 1279 Clarius
1825 1229 1883 1277 ad
1902 1247 2004 1278 rem
2034 1230 2106 1279 lo-

1126 1307 1289 1375 quitur
1333 1306 1497 1354 Petrus
1536 1297 1740 1352 Blesens.
1783 1298 2107 1350 Bathonienfis

1128 1376 1404 1427 Archidiac.
1434 1378 1583 1424 Serm.
1617 1390 1693 1431 19.
1723 1371 1784 1419 ad
1802 1372 1929 1422 Cant.
1951 1385 1995 1427 3.
2031 1388 2107 1418 11.

1128 1449 1222 1497 ibi:
1244 1446 1543 1517 Egredimini
1561 1446 1611 1496 δε
1630 1441 1823 1497 videte,
1844 1440 1948 1489 ffliae
1968 1442 2108 1501 Sion,

1127 1524 1313 1588 Regem
1329 1518 1634 1566 Salomonem
1653 1517 1702 1562 in
1723 1510 1996 1561 diademate
2013 1513 2107 1562 ἃς.

1129 1591 1276 1642 Aliud
1289 1592 1357 1641 εἶτ’
1380 1605 1531 1638 corona
1544 1623 1559 1645 ‚
1578 1591 1633 1638 &¹
1652 1583 1779 1634 alind
1795 1584 1864 1634 es‘i'
1879 1584 2079 1634 diadema
2095 1621 2106 1631 .

1126 1665 1290 1712 Corona
1301 1660 1495 1725 stmplex
1521 1660 1590 1706 eft*
1615 1657 1797 1704 circulus
1813 1671 1962 1703 aureus
1977 1689 1994 1711 ,
2029 1675 2110 1723 quo

1124 1745 1303 1778 utuntur
1321 1729 1462 1795 Reges
1492 1731 1541 1776 in
1563 1723 2107 1791 minoribus-solemnitati-

1124 1799 1202 1849 bus
1222 1838 1232 1848 .
1271 1800 1490 1849 Diadema
1516 1799 1585 1848 essi
1605 1795 1729 1866 quast
1746 1795 1906 1858 duplex
1926 1814 2078 1845 corona
2090 1807 2111 1857 2'

1125 1876 1217 1920 ciem
1242 1875 1287 1932 ip
1310 1890 1323 1917 z
1343 1888 1498 1917 coronae
1523 1870 1647 1936 quast
1662 1868 1775 1915 alius
1790 1869 1974 1916 circulus
1985 1887 2108 1935 gem-

1126 1945 1209 1990 mis
1229 1939 1510 2009 fitperpofitus
1538 1936 1877 2007 fitperadditur.
1914 1937 1989 1986 Ex
2014 1942 2111 2007 ipsit

1123 2017 1239 2062 enim
1269 2010 1408 2060 Graeci
1437 2014 1626 2059 nominis
1652 2011 2012 2072 interpretatione
2029 2011 2109 2058 du-

1118 2087 1364 2151 plicitatem
1389 2081 1522 2149 sonat
1551 2117 1562 2127 .
1602 2083 1746 2130 Hanc
1784 2079 1934 2125 etiam
1972 2076 2110 2128 diffe-

1124 2156 1331 2203 rentiam
1359 2150 1584 2219 patefacit
1607 2148 1853 2200 Honorius
1868 2147 2110 2214 Augusto-

1126 2226 1300 2274 dunen.
1320 2222 1403 2269 lib.
1428 2240 1467 2269 1.
1486 2221 1556 2271 De
1575 2227 1715 2291 antiq.
1733 2217 1836 2268 Rit.
1856 2215 1996 2285 Miss.
2025 2218 2110 2268 ubi

1127 2313 1269 2363 agens
1295 2293 1354 2342 de
1376 2309 1548 2340 corona
1565 2328 1582 2350 ‚
1612 2294 1662 2342 &
1683 2291 1985 2346 diademate,
2010 2288 2109 2339 duo

1127 2365 1336 2429 sejuneta
1365 2364 1523 2430 capita
1552 2360 1911 2430 exequitur,'in
1939 2357 2112 2425 quibus

1129 2432 1371 2485 manifeste
1399 2447 1627 2499 tanquam
1654 2433 1714 2482 de
1745 2426 1943 2480 diverfis
1969 2428 2110 2498 fignis

1128 2505 1382 2563 discurrit,
1410 2521 1519 2551 nam
1547 2522 1648 2572 cap.
1670 2521 1787 2565 224.
1815 2500 1873 2550 de
1895 2516 2111 2552 corona„

1131 2576 1473 2645 Imperatoris,
1500 2575 1551 2626 ὃ(
1581 2570 1790 2643 Augusti
1819 2572 1915 2619 haec
1940 2569 2108 2622 habet:

1129 2651 1295 2700 Corona
1328 2645 1605 2714 Imperatoris
1630 2648 1699 2697 eft
1728 2644 1911 2693 circulus
1938 2640 2106 2693 Orbis.

1128 2720 1283 2771 Portat
1311 2738 1405 2787 ergo
1430 2717 1653 2785 Augus‘ius
1678 2730 1870 2764 coronam
1883 2749 1900 2770 ,
1927 2718 2008 2780 quc}
2029 2715 2105 2763 de-

1127 2793 1263 2840 clarat
1270 2791 1322 2857 fl'
1347 2807 1490 2857 regere
1514 2787 1666 2836 mundi
1680 2785 1990 2838 Monarchiam
2014 2787 2105 2835 &a

1126 2879 1227 2928 cap.
1245 2859 1363 2908 vero
1388 2876 1412 2905 2
1425 2876 1449 2903 2
1463 2874 1506 2917 5.
1529 2857 1589 2906 de
1609 2856 1880 2907 diademate
1898 2855 1994 2903 haec
2012 2855 2103 2902 ait:

1127 2930 1345 2980 Diadema
1376 2945 1515 2978 autem
1540 2929 1708 2997 Regum
1735 2927 1930 2996 defignat
1955 2926 2104 2991 Regni

1126 3001 1347 3050 ambitum:
1362 3004 1416 3050 (Υ
1433 3016 1574 3047 omnes
1587 3034 1603 3056 ,
1628 3004 1765 3068 quiin
1782 3016 1912 3066 agone
1930 3010 2102 3041 conten-

1125 3072 1285 3121 debant
1303 3107 1318 3128 ,
1355 3070 1554 3119 diadema
1591 3069 1854 3137 accipiebant
1878 3088 1888 3114 ε
1926 3063 2107 3132 quodsi

1117 3157 1195 3209 pro
1200 3144 1394 3209 justitia
1418 3147 1688 3190 certaverint
1704 3177 1718 3197 ,
1755 3154 1845 3185 cum
1870 3135 1989 3202 Rege
2015 3153 2099 3182 om-

1129 3220 1247 3265 nium
1276 3217 1464 3261 coronati
1487 3211 1722 3276 regnabant
1736 3244 1746 3254 .
1764 3207 1860 3256 Haec
1879 3211 1986 3257 vero
2004 3206 2096 3255 Re-

1975 3278 2100 3344 galia
