2425 3747
333 281 358 308 2

294 281 487 400 {idibus
506 326 683 377 diversi
699 331 882 396 generis
905 326 1085 375 temere
1106 343 1269 374 exem-

292 403 414 471 ptis,
439 397 660 468 pejusque
684 395 920 464 dispositis
945 414 1030 463 pro
1050 397 1268 444 militum

292 468 536 539 imperitia
553 506 570 527 ,
601 468 767 536 quibus
784 468 834 516 ὅ(
854 465 1155 516 construendi
1173 503 1189 525 ,
1216 468 1267 517 δε

291 539 517 591 diruendi
543 557 652 587 cura
674 535 1054 585 demandabatur
1069 574 1081 584 .
1121 539 1266 586 Simi-

291 615 416 663 lium
445 608 758 659 refestionum
788 608 943 657 icones
961 606 1099 657 habes
1125 610 1173 655 in
1196 609 1267 657 di-

292 684 368 734 ἑὶει
389 680 508 729 Tab.
529 680 783 729 XXVIII.
801 680 900 747 Fig.
920 698 966 726 2.

376 750 576 817 Imperii
611 747 813 797 habenas
854 764 1047 817 regente
1088 751 1267 799 Carolo

289 825 499 888 Magno,
530 818 762 877 scientiae,
792 818 1017 888 bonaeque
1036 835 1157 870 artes
1183 822 1268 869 ali-

287 893 496 959 qualiter
529 903 783 958 coeperunt
809 890 1128 952 revirescere3
1157 910 1269 957 qua-

289 965 337 1011 r&
372 960 611 1009 structurae
641 958 845 1009 formam
872 958 1005 1011 fuisse
1039 964 1267 1010 immuta-

290 1047 390 1080 tam
415 1030 661 1089 existimo,
693 1050 745 1078 ac
767 1029 925 1080 denuo
947 1047 1188 1101 receptam
1216 1034 1272 1080 il-

288 1106 418 1159 lam,
455 1120 556 1169 quae
592 1104 640 1148 in
672 1103 908 1170 principio
941 1103 1272 1153 declinationis

289 1174 493 1240 'imperii
508 1208 524 1229 ‚
543 1189 716 1240 nempe
734 1186 949 1241 tempore
967 1176 1180 1224 Gallieni
1199 1176 1272 1223 vi-

290 1243 434 1311 gebat
449 1279 465 1300 ,
484 1242 544 1291 de
565 1261 656 1309 qua
676 1241 811 1311 supra
827 1249 924 1308 jam
944 1244 1241 1294 disseruimus
1259 1280 1270 1290 .

292 1319 559 1363 Immutata
585 1315 923 1363 tantummodo
955 1315 1020 1364 est
1053 1313 1273 1365 mensura

291 1385 553 1452 tophorum
570 1420 586 1441 ,
609 1386 731 1432 itaut
750 1385 1057 1452 quadrilateri
1077 1385 1274 1455 prisma-

292 1458 352 1503 tis
371 1453 572 1522 figuram
591 1457 878 1517 retinerent3
904 1454 982 1505 sed
1005 1458 1271 1527 longitudi-

290 1545 351 1575 ne
365 1562 381 1583 ,
398 1524 716 1575 &latitudine
732 1524 1004 1594 superarent
1021 1529 1155 1587 illos,
1168 1531 1271 1596 qui-

292 1596 379 1644 bus
407 1595 618 1644 Gallieni
643 1610 749 1645 aetas
773 1598 1024 1647 utebatur:
1056 1600 1273 1668 praestant

291 1664 410 1715 vero
444 1667 734 1731 antiquiores
762 1669 831 1716 illi
853 1670 1000 1717 etiam
1022 1669 1274 1738 diligentia

286 1737 590 1800 expolitioris
617 1734 802 1792 figurae.
839 1740 1127 1786 Hnjnsmnsli
1156 1740 1272 1786 stru-

287 1804 431 1855 &urae
449 1797 627 1866 species
658 1792 951 1861 conspicitur
972 1796 1020 1842 in
1047 1793 1272 1845 restaura-2

288 1869 501 1922 tionibus
530 1883 781 1919 murorum
812 1863 964 1918 Urbis
990 1902 1007 1923 ,
1043 1863 1177 1915 fartis
1208 1887 1274 1916 3.,

287 1938 523 1993 'Pontifice
550 1935 802 1985 Hadriano
837 1939 875 1983 Ι.
908 1937 958 1984 &
989 1937 1037 1982 in
1066 1935 1274 1985 Ecclesia

288 2016 372 2062 SS.
393 2007 642 2059 Vincentii
658 2041 674 2062 ,
708 2006 760 2056 δε·
782 2002 1011 2052 Anastafii
1031 2005 1090 2054 ad
1111 2012 1274 2074 Aquas

291 2081 503 2135 Salvias,
525 2076 738 2126 restituta
755 2079 779 2124 a
800 2072 974 2124 Pontis.
995 2077 1154 2126 Leone
1179 2082 1271 2127 III.

289 2166 513 2219 tempore
536 2147 701 2197 Caroli
717 2148 914 2215 Magni3
939 2165 990 2193 ac
1010 2148 1058 2194 in
1078 2146 1275 2198 diversis

292 2224 397 2271 aliis
427 2215 665 2274 aedificiis,
693 2234 897 2283 quorum
926 2220 1173 2287 exemplar
1192 2220 1274 2266 ha=

294 2292 374 2342 bes
403 2292 451 2337 in
471 2288 643 2337 eadem
675 2286 796 2335 Tab.
818 2292 1072 2339 XXVIII.
1104 2292 1204 2358 Fig.
1229 2307 1272 2348 3.

290 2365 437 2414 Hanc
462 2356 607 2426 usque
636 2357 696 2406 ad
716 2356 1027 2407 millesimum
1054 2379 1273 2409 annum-2

295 2452 391 2483 aerae
415 2428 692 2481 Christianae
711 2427 910 2498 viguisse
937 2432 1139 2499 opinor,
1177 2451 1272 2499 quo

291 2518 515 2570 tempore
539 2536 556 2556 ,
585 2502 677 2548 una
708 2518 819 2547 cum
848 2503 1025 2549 caeteris
1059 2502 1239 2551 artibus
1257 2541 1274 2562 ‚

295 2577 346 2622 in
375 2572 582 2622 deterius
614 2568 709 2617 labi
739 2572 887 2637 coepit
909 2572 1272 2622 Architestura.

289 2643 412 2691 'Non
429 2639 628 2689 subinde
647 2654 991 2689 caementorum
1008 2642 1182 2711 species
1199 2652 1277 2693 ad-

296 2712 456 2760 hibitae
489 2714 535 2757 in
556 2708 762 2759 aedificiis
780 2747 795 2768 ,
827 2708 905 2760 sed
928 2715 1061 2780 tophi
1082 2714 1273 2781 quadri-2

298 2784 466 2837 lateri,
484 2782 615 2829 nullo
633 2782 727 2829 alio
747 2781 963 2849 lapidum
981 2803 1154 2851 genere
1174 2803 1278 2853 per-

298 2853 471 2908 mixti,
488 2864 540 2897 ut
558 2853 831 2918 exemplum
847 2854 894 2899 in
910 2855 1062 2920 Fig.4.
1082 2855 1273 2904 indicat.

299 2925 348 2971 Si
367 2923 470 2989 quis
502 2922 640 2968 malit
667 2935 990 2991 prototypum
1016 2925 1274 2993 inspicere,

297 2995 454 3042 multa
474 2993 520 3038 in
542 2988 713 3048 Urbe,
750 2993 800 3041 &
834 2996 881 3040 in
911 3013 1022 3062 agro
1053 2999 1271 3046 Romano

293 3063 509 3112 ⁴indicare
528 3057 713 3130 possum
729 3097 739 3108 .
763 3065 894 3111 Intra
918 3064 1068 3117 Urbis
1093 3069 1272 3115 moenia

296 3131 515 3182 consulat
534 3129 730 3180 aedificia
756 3132 1040 3183 adhaerentia
1059 3134 1273 3185 Ecclesiae

299 3201 499 3270 §.Xysti
518 3203 661 3270 prop&
680 3216 868 3269 portam
884 3207 1273 3272 Capenam,tem—

300 3291 414 3350 pore
442 3276 484 3322 S.
503 3274 747 3322 Dominici
767 3271 1030 3342 constructa
1049 3311 1066 3336 ,
1100 3278 1151 3328 ἃ
1173 3279 1273 3327 1)οφ

693 253 1130 311 VETERA
1202 241 1910 311 'MoN'IMENTA

1321 344 1424 374 mos
1442 328 1815 395 quamplurimas
1840 329 1889 375 in
1901 329 2115 396 Regione
2132 328 2289 378 Tran-

1320 395 1561 465 styberina
1585 397 1844 466 praesertim
1861 395 1966 447 fitas
1981 435 1991 445 .
2027 401 2172 448 Extra
2194 403 2304 454 Ur«

1317 467 1430 516 bem
1449 467 1544 517 duo
1563 486 1655 536 prae
1672 471 1848 519 caeteris
1864 467 2099 526 obvia‚&
2122 471 2170 518 in
2190 469 2298 519 sub-

1321 536 1502 587 urbano
1521 540 1672 587 locata
1692 538 2068 589 animadvertat:
2084 543 2300 610 primum

1321 607 1378 657 fit
1398 612 1733 677 perantiquum
1753 613 1858 659 Deo
1880 608 2115 659 sacrarum
2133 614 2304 680 Virgi-

1320 697 1438 728 num
1455 680 1804 730 Monasterium
1831 682 1874 727 S.
1899 683 2100 750 Agnetis
2127 683 2176 729 in
2204 682 2304 731 Via.1

1321 749 1658 809 Nomentana,
1674 750 1756 799 ubi
1781 747 1951 799 visitur
1975 769 2304 803 marmoreum

1319 820 1624 889 sepulchrum
1660 820 1907 885 cujusdam
1950 819 2091 889 ipsius
2126 826 2307 872 Mona-

1319 892 1444 942 sterii
1466 887 1688 944 Abatissae
1702 927 1719 950 ,
1737 894 1785 939 in
1806 909 1900 959 quo
1918 894 2027 939 anni
2055 912 2072 940 1
2087 911 2110 940 2
2121 900 2202 953 56.
2220 911 2311 943 no·-

1322 977 1368 1011 ta
1387 960 1619 1030 insculpta
1635 961 1722 1011 est:
1739 965 1945 1011 alterum
1962 965 2010 1010 in
2033 962 2131 1012 Via
2143 961 2310 1032 Appia*

1323 1036 1465 1085 tertio
1487 1035 1679 1082 circiter
1700 1031 1757 1079 ab
1784 1031 1921 1086 Urbe
1939 1032 2127 1101 lapide,
2155 1035 2311 1102 prope

1324 1106 1629 1174 sepulchrum
1644 1103 1889 1159 Metellae,
1909 1102 2058 1171 vulgo
2076 1105 2220 1152 hodie
2240 1106 2310 1153 di-

1323 1179 1459 1228 stum
1488 1178 1602 1243 Capo
1619 1175 1668 1224 di
1686 1173 1802 1225 bove
1822 1213 1837 1235 ,
1866 1171 1949 1220 ubi
1975 1173 2125 1222 diruti
2156 1173 2312 1223 Castri

1326 1250 1485 1297 ruinas
1502 1243 1741 1302 offendet,
1773 1262 1832 1293 ex
1850 1242 2122 1306 hujusmodi
2150 1245 2313 1312 tophis

1327 1317 1581 1368 construsti
1600 1352 1610 1362 .
1641 1317 1775 1381 Qin
1797 1315 1945 1365 etiam
1965 1317 2014 1362 in
2036 1314 2211 1365 eodem
2237 1316 2314 1364 lo-

1326 1409 1383 1445 co
1416 1390 1624 1458 reperiet
1650 1383 1867 1434 Ecclefiae
1896 1382 2143 1449 cujusdam
2171 1382 2315 1435 vesti-

1325 1465 1433 1530 gia,
1470 1460 1741 1528 parietum,
1773 1454 2114 1514 fenestrarum,
2142 1458 2192 1508 ὅ(
2227 1474 2313 1503 cae-

1326 1546 1540 1581 terarum
1556 1530 1765 1598 partium
1786 1526 1941 1575 adhuc
1960 1527 2313 1596 superstitum-2

1326 1601 1578 1653 ruderibus
1613 1600 1749 1649 illam
1777 1594 1929 1646 ferme
1959 1612 2150 1647 aetatem
2186 1597 2315 1645 indi-

1328 1674 1486 1721 cantia

1398 1738 1698 1796 Huiusmodi
1719 1738 2079 1788 construstionis
2105 1736 2315 1788 formam

1327 1799 1517 1849 taffldffi
1533 1802 1664 1853 serva
1673 1822 1772 1856 tam
1791 1805 1880 1859 esse
1896 1811 2100 1873 conjicio
2113 1846 2130 1866 ,
2145 1825 2316 1876 quam*

1328 1869 1414 1920 diu
1432 1871 1574 1919 Sedes
1597 1876 1873 1935 Apostolica
1892 1878 2059 1917 Romae
2080 1877 2316 1937 perstitit:

1330 1958 1439 1988 nam
1454 1940 1765 1988 Avenionem
1785 1938 2008 1985 translata
2023 1975 2038 1995 ,
2056 1937 2216 1989 secum
2233 1941 2318 1990 ab-

1329 2006 1510 2059 duxiffe
1541 2007 1642 2058 visa
1675 2006 1740 2057 est
1773 2007 1923 2061 Urbis
1961 2007 2187 2059 decorem
2209 2047 2226 2069 ,
2262 2031 2317 2060 ac

1331 2079 1478 2150 ipsam
1506 2076 1861 2150 propemodum
1890 2079 2078 2138 vitam,
2113 2082 2316 2130 artium-

1328 2171 1448 2221 que,
1479 2151 1618 2219 fiquae
1645 2163 1779 2199 erant
1798 2185 1816 2207 ‚
1849 2147 1980 2219 spem
2013 2151 2064 2200 &
2093 2150 2314 2220 progres-

1331 2223 1435 2272 sum
1464 2260 1475 2269 .
1523 2223 1712 2272 Civitas
1742 2221 1885 2288 porro
1916 2221 1964 2267 in
1997 2238 2104 2269 eam
2142 2221 2312 2271 solitu-

1328 2295 1494 2344 dinem
1530 2290 1692 2350 ceffit,
1726 2305 1780 2339 ut
1810 2291 1974 2338 incolae
2010 2291 2069 2340 ad
2104 2306 2314 2360 quatuor

1328 2366 1482 2414 millia
1504 2366 1589 2413 vix
1606 2364 1965 2432 pertingerent,
2004 2360 2119 2409 teste
2141 2364 2312 2411 Flavio

1328 2434 1514 2485 Blondo
1534 2471 1545 2483 ,
1586 2436 1729 2481 Artes
1749 2432 1898 2488 vero,
1931 2430 2191 2499 praesertim
2219 2451 2313 2490 eae,

1327 2525 1428 2575 quae
1448 2505 1508 2553 ad.
1527 2500 1790 2552 aedificandi
1810 2503 2052 2551 rationem
2070 2499 2283 2570 spestant
2296 2537 2314 2560 ,

1329 2573 1527 2627 omnin&
1562 2574 1880 2630 corruerunt,
1918 2574 2042 2620 itaut
2071 2575 2190 2641 aegre
2222 2592 2311 2641 po-

1329 2648 1508 2697 tuerint
1524 2641 1803 2693 saeculorum
1823 2640 2214 2710 subsequentium
2229 2679 2245 2700 ‚
2261 2644 2313 2693 &

1329 2719 1565 2768 diuturnae
1593 2717 1716 2782 pacis
1743 2710 1976 2765 beneficio
2006 2712 2310 2763 convalesce-

1329 2806 1410 2840 γει
1442 2801 1555 2834 tunc
1575 2788 1705 2834 enim
1724 2783 1821 2833 sola
1852 2783 2121 2833 necestitate
2156 2784 2312 2851 magi-

1328 2855 1417 2907 strtll
1443 2856 1599 2905 edofti
1631 2854 1737 2903 sunt
1768 2856 1983 2904 homines
2010 2873 2068 2904 ex
2087 2852 2310 2903 aedificio-

1328 2946 1437 2977 rum
1469 2941 1693 2976 veterum
1721 2923 2030 2995 fragmentis,
2068 2923 2222 2981 saxis,
2259 2925 2310 2973 &

1327 2996 1603 3055 ruderibus,
1630 3016 1729 3064 quae
1753 2994 1846 3046 sors
1865 2996 2138 3052 obtulerat,
2166 3011 2308 3061 opera

1328 3069 1640 3117 tumultuaria
1667 3070 1874 3117 excitare
1905 3104 1915 3114 .
1956 3067 2153 3116 Vitium
2189 3081 2307 3130 quo-

1328 3141 1416 3207 que
1444 3136 1694 3206 peffimum
1724 3141 1772 3185 in
1791 3137 1997 3186 nostram
2025 3134 2168 3202 usque
2197 3147 2306 3181 aeta-

1329 3224 1428 3259 tem
1457 3207 1670 3277 irrepsit,
1698 3209 1808 3257 licet
1836 3205 1893 3254 ab
1921 3208 2006 3256 illo
2037 3208 2309 3254 immunem

1334 3279 1531 3333 reddere
1565 3275 1797 3331 debuiffet
1827 3276 2040 3329 restituta
2074 3276 2308 3393 bonai-lum

2266 3359 2307 3387 r-
