2482 3742
710 219 974 277 CAP

1048 222 1094 279 U
1168 219 1216 272 T
1312 219 1488 271 XXI.

2002 233 2092 286 189

105 300 368 353 Civitates}
393 307 591 361 utraque
609 295 756 363 portis
774 289 1042 360 patentibus
1058 327 1074 350 ,
1127 292 1356 347 crudelitas
1371 329 1386 350 ,
1405 293 1470 342 ibi
1479 293 1647 359 pietas}
1673 291 1746 341 abt·
1755 305 1878 356 paea-241
1898 298 2093 342 innoeen-

101 388 159 420 εκ
191 383 392 436 quarum
422 382 532 419 arcu
565 378 657 418 tres
690 366 785 414 lam
819 362 928 413 ades
948 379 1072 430 ‚pene
1126 369 1263 420 tium,
1292 363 1357 411 ibi
1377 365 1674 431 univeesbrum
1701 362 1956 425 redemptio,
1978 364 2093 432 ficut

104 441 242 498 dent,
268 435 424 504 figurae
441 436 616 503 partim
633 448 774 488 rotun
811 454 874 492 ae,
899 434 1072 502 partim
1116 434 1327 506 scriptum
1358 437 1424 484 eff
1449 457 1459 483 :
1497 434 1555 484 Et
1588 452 1635 484 tu
1668 434 1916 490 Bethleem,
1951 430 2095 481 domus

102 507 338 576 quadratae
366 542 377 552 .
416 509 473 559 ln
501 504 660 556 medio
693 517 837 573 portae
871 504 1077 555 dexterae
1129 505 1350 571 Ephrem,
1379 523 1459 554 non
1485 526 1525 553 es
1544 511 1724 554 minima
1742 508 1857 552 inter
1875 504 2097 568 Principes

103 578 317 645 respeQU
341 576 572 628 intuentis
588 611 605 639 2
642 577 818 643 lampas
839 572 904 622 est
922 569 1075 623 forma

104 643 311 700 rotunda
324 681 341 707 2
367 646 561 712 aliaeque
579 645 679 695 duae
698 641 926 712 quadrata
982 646 1076 691 In...

105 715 282 768 sinistra
306 718 426 769 vero
450 715 474 763 ὲ
494 717 730 764 contrario
747 751 763 772 ,
792 713 950 762 media
972 731 1079 779 qua·-

105 787 240 838 drata
260 785 325 834 est
339 820 357 842 ,
382 786 595 837 laterales
612 783 717 835 sunt
735 784 973 834 rotundae:
994 780 1081 830 fin-

105 857 228 926 gulis
245 868 403 904 autem
423 857 471 902 in
489 855 649 906 medio
673 853 790 904 inest
807 853 1049 903 orbiculus
1068 887 1078 900 .

111 927 120 930 ”
177 929 282 979 Nec
304 924 386 975 suo
402 940 562 978 carent
587 926 820 994 mysterio
848 924 943 972 haec
963 924 1081 975 Hie-

101 997 416 1064 „roglyphicaz
445 1014 553 1045 nam
587 996 649 1052 ,δὲ
672 998 720 1044 in
754 991 947 1044 diversis
981 994 1082 1040 aliis

103 1065 310 1118 Mufivis
328 1063 464 1136 ambe
481 1066 547 1115 hae
562 1068 820 1123 Civitates,
833 1083 932 1131 qua>
949 1063 1087 1115 Beth-

107 1140 234 1186 leem
250 1172 265 1199 ‚
290 1138 340 1189 &
361 1136 668 1190 Hierusalem
696 1136 951 1191 denotant,
980 1152 1088 1186 con-

110 1204 374 1275 spiciuntur
389 1240 408 1267 ,
443 1207 554 1259 licet
581 1205 786 1260 eundem
815 1203 989 1269 ubique
1022 1204 1088 1251 lo-

112 1295 222 1324 cum
240 1294 336 1325 non
358 1289 574 1334 teneant:
592 1277 640 1321 in
657 1276 812 1341 aliqua
831 1276 959 1325 enim
974 1273 1085 1320 Tri-

102 1342 232 1400 buna
255 1342 559 1397 Hierusalem
576 1343 823 1393 dexteram
844 1340 1023 1399 sedem,
1037 1343 1085 1389 in

104 1417 200 1469 alia
233 1412 462 1468 sinistram
488 1413 672 1463 obtinet
697 1450 712 1473 ‚
748 1412 808 1462 ad
834 1411 1084 1461 arbitrium

109 1485 290 1539 scilicet
312 1485 510 1543 Pietoris
525 1521 542 1543 ‚
569 1486 650 1534 vel
670 1483 923 1534 Mufivarii
940 1519 950 1529 .
990 1483 1083 1532 Sed

102 1557 166 1609 ,ῃέ
200 1552 296 1604 ulla
330 1557 644 1625 explicatione
680 1557 967 1604 intentatum
998 1555 1081 1604 hu-

103 1623 318 1691 jusmodi
336 1625 518 1680 sacrum
534 1624 770 1674 emblema
789 1626 1053 1690 relinquam
1067 1660 1083 1682 ,

116 1715 242 1746 meas
264 1697 439 1763 aliquas
457 1714 542 1751 con
547 1695 746 1758 jesturas
761 1695 981 1756 adjiciam
1002 1731 1012 1747 ,

116 1815 118 1817 .
185 1767 455 1824 Bethleem,
475 1767 525 1817 δε
545 1765 846 1820 Hierusalem
863 1763 958 1812 duo
978 1763 1084 1812 sunt

107 1834 298 1893 fontes,
333 1838 358 1885 ὲ
387 1834 554 1902 quibus
584 1836 777 1884 humani
807 1836 992 1904 generis
1016 1832 1081 1882 sa-

115 1908 187 1956 lus
208 1908 474 1959 emanavit.
494 1910 550 1956 In
571 1907 814 1960 Bethleem
837 1906 968 1954 enim
991 1905 1084 1952 Sal-

106 1990 255 2026 ⁸vator
272 1975 424 2026 noster
440 1979 475 2046 J
488 1993 510 2025 ε
524 1993 543 2026 s
555 1992 591 2026 υ
604 1993 623 2026 s
642 1973 854 2027 Christus
871 1976 1085 2030 natalia-2

106 2044 306 2097 ¹sortitus
322 2044 407 2096 est:
423 2048 472 2095 in
488 2044 788 2099 Hierusalem
809 2046 964 2116 primo
981 2065 1088 2097 ver-

114 2116 232 2166 bum
256 2116 419 2174 salutis.
435 2118 742 2166 annunciavit
758 2152 774 2174 ,
814 2118 864 2165 ac
885 2117 1085 2185 postmo-

115 2185 234 2240 dum
265 2200 476 2236 mortem
498 2184 643 2236 subiit
663 2223 675 2241 ,
713 2191 769 2237 In
796 2189 1084 2241 Bethleem-2

106 2256 278 2307 ,David
290 2293 306 2315 ,
318 2260 400 2324 qui
413 2257 589 2311 Christi
608 2271 754 2326 typus
767 2260 816 2311 ὃς
832 2274 965 2326 pater
976 2259 1087 2320 fuit,

106 2343 170 2376 ‚ut
201 2346 258 2377 ex
280 2328 399 2378 Lucae
429 2342 517 2394 cap.
543 2348 584 2376 1.
614 2343 775 2376 ortum
799 2329 995 2389 habuit,
1034 2351 1086 2380 ac

114 2398 446 2468 sepulchrum:
481 2399 649 2447 eadem
668 2400 854 2448 Civitas
883 2420 938 2450 eo
957 2402 1086 2468 quod

118 2468 306 2525 Christo
335 2466 541 2522 nascenti
574 2469 833 2542 hospitium
870 2471 1087 2540 praebuis-

115 2540 187 2590 set
203 2574 220 2597 ,
257 2541 283 2587 a
301 2538 530 2593 Matthaeo
551 2559 651 2609 cap.
671 2559 716 2587 2.
739 2559 868 2591 num.
887 2553 936 2591 ὅ.
966 2545 1088 2592 inter

104 2610 370 2681 praecipuas
396 2611 549 2674 Regni
566 2611 757 2677 Judaici
786 2612 922 2662 urbes
951 2631 1088 2681 repo-

119 2682 251 2730 nitur
268 2715 283 2738 ,
311 2676 376 2725 ibi
393 2699 404 2726 :
421 2677 481 2728 'Et
496 2697 543 2729 tu
559 2681 777 2731 Bethleem
799 2700 916 2733 terra
932 2685 1065 2752 “Judez
1075 2720 1090 2743 ‚

121 2766 376 2820 nequaquam
396 2753 578 2799 minima
594 2772 635 2802 es
651 2758 699 2803 in
708 2755 980 2820 principibus
997 2755 1088 2822 GJu-

119 2825 177 2874 da
195 2857 210 2880 ,
235 2841 290 2870 ex
309 2837 350 2869 te
367 2825 479 2870 enim
506 2826 623 2872 exiet
639 2823 778 2882 Dux,
800 2829 872 2891 qui
886 2840 1003 2894 reget
1012 2837 1088 2891 po·-

113 2896 262 2961 pulum
289 2911 422 2940 meum
441 2897 489 2946 in
510 2891 648 2963 Isi-ael
658 2930 668 2940 .

191 2961 353 3028 Qarc}
377 2961 745 3015 Mediolanenfis
763 2961 976 3014 Ecclefiae
992 2967 1094 3011 An-

123 3031 337 3083 tistes'D„
365 3030 642 3082 Ambrosius
676 3037 724 3084 in
750 3037 974 3084 Sermone
1004 3035 1090 3081 in.‚

120 3103 376 3153 Michaeam
406 3103 687 3170 Prophetam
704 3141 721 3163 ‚
760 3103 1090 3155 observatione

111 3175 278 3242 prima
305 3172 364 3222 ad
383 3173 703 3228 Horontinnum,
719 3211 735 3232 ,
771 3177 905 3243 plura
930 3174 988 3224 de
1008 3175 1093 3223 hac

126 3242 293 3295 eadem
312 3243 426 3294 u-rbe
447 3243 673 3313 congeffit
685 3281 705 3305 ,
732 3246 970 3313 inquiens:
999 3246 1095 3301 Ubi

1129 575 1288 641 “Judaz
1327 596 1380 624 ex
1415 595 1456 625 te
1478 581 1589 624 enim
1620 575 1759 624 exibit
1781 575 1987 638 Princeps
2008 578 2097 625 itt-2

1129 644 1275 711 Ifi‘ael.
1292 647 1510 695 Bethleem
1525 647 1667 694 domus
1673 651 1803 712 pastis
1817 663 1923 701 erat,
1938 645 2097 710 Ephra-

1128 732 1175 767 ta
1194 716 1338 763 domus
1342 713 1534 783 fitrorem
1554 717 1778 765 videntis:
1797 717 1872 764 hoc
1887 716 2014 764 habet
2033 721 2098 764 in-

1130 791 1376 851 terpretatio
1403 788 1585 836 istorum
1611 792 1824 835 nominum
1842 821 1852 831 .
1892 785 1945 838 In
1963 787 2097 836 Beth·

1133 860 1236 907 leem
1265 873 1386 904 nasus
1410 858 1476 905 eff
1511 857 1562 904 de
1578 854 1740 905 Maria
1766 857 1994 906 Christus:
2032 874 2100 904 ea-

1134 928 1227 975 dem
1247 944 1382 975 autem
1403 928 1623 977 Bethleem
1637 947 1719 995 quae
1731 927 1921 992 Ephrata
1935 962 1943 971 .
1959 925 2012 978 In
2027 928 2100 975 do-

1135 1017 1200 1046 mo
1220 1001 1354 1064 igitur
1365 994 1536 1062 suroris
1548 1013 1772 1065 generatus
1787 998 1853 1046 ef}
1868 999 2101 1058 Christum

1135 1071 1191 1118 Φ·
1216 1067 1418 1132 idebjam
1448 1086 1527 1115 non
1557 1066 1872 1135 domusfuroris
1889 1102 1904 1123 ‚
1929 1069 2015 1134 sed
2027 1067 2101 1114 do-

1138 1157 1228 1187 mus
1239 1141 1368 1203 panis
1385 1173 1400 1194 ,
1436 1143 1534 1206 quia
1541 1153 1694 1202 panem
1706 1138 1870 1201 recepit
1887 1158 1977 1185 eum
1989 1173 2004 1194 ,
2032 1143 2103 1203 qui

1133 1207 1352 1274 descendit
1367 1208 1418 1255 de
1436 1212 1529 1258 coelo
1544 1244 1553 1253 .
1580 1209 1742 1258 Domus
1760 1224 1896 1254 autem
1907 1206 2104 1272 furorem

1137 1279 1342 1327 evidentis
1379 1276 1570 1342 Ephrata
1597 1315 1612 1336 ,
1649 1282 1748 1348 quin
1786 1279 1882 1325 illic
1917 1277 2102 1330 Herodes

1136 1347 1235 1396 dum
1260 1348 1489 1398 Chriflnm
1516 1354 1729 1416 requirit,
1757 1351 1918 1412 perimi
1946 1348 2105 1396 statuit

1134 1417 1399 1487 infizntulos.

1206 1491 1310 1536 Nec
1343 1489 1526 1537 minora
1557 1488 1798 1558 dignitatis
1828 1500 2106 1552 argumenta

1132 1555 1338 1606 habuisse
1358 1556 1666 1611 Hierusalem
1696 1556 1895 1607 constat:
1934 1558 2107 1623 legitur

1133 1630 1261 1681 enim
1283 1635 1408 1695 apud
1427 1643 1604 1695 patres,
1623 1626 1924 1678 Hierusalem
1943 1630 2106 1689 (juxta

1135 1699 1377 1765 Prophetae
1408 1700 1665 1749 Hieremiae
1699 1695 2020 1756 sententiam)
2058 1698 2108 1743 in

1136 1769 1298 1817 medio
1326 1781 1454 1816 terrae
1484 1766 1684 1835 positam
1711 1765 1828 1824 effe,
1858 1769 1883 1814 a
1906 1766 2108 1812 Melchi-v

1134 1837 1304 1887 sedech
1331 1837 1574 1885 conditam
1590 1874 1606 1896 ‚
1636 1841 1660 1887 a
1677 1836 1865 1889 Davide
1883 1835 1930 1881 in
1953 1837 2084 1902 Regn

1135 1911 1295 1976 Caput
1313 1908 1362 1956 &
1379 1909 1695 1975 Metropolim
1715 1904 2044 1961 constitutam,
2059 1905 2093 1954 ὅ

1137 1975 1456 2046 augustiffimo
1487 1980 1672 2047 templo
1695 1984 1828 2041 juxta
1856 1975 1949 2023 Dei
1974 1991 2105 2022 men-

1139 2062 1238 2101 tem
1254 2051 1279 2096 a
1300 2048 1551 2097 Salomone
1573 2048 1844 2097 decoratam
1863 2082 1872 2091 .

1233 2121 1306 2166 De
1346 2118 1511 2166 eadem
1548 2118 1766 2168 Sedulius
1803 2109 2099 2165 Hibernensi

1140 2186 1392 2255 Episcopus
1417 2190 1462 2234 in
1482 2187 1612 2257 epist.
1646 2188 1702 2236 ad
1721 2186 1919 2254 Ephesios
1946 2202 2045 2250 cap.
2061 2202 2108 2246 4.

1141 2260 1233 2316 ait,
1267 2260 1354 2306 hoc
1373 2256 1471 2306 solo
1491 2260 1680 2307 nomine
1698 2259 1966 2325 Hierusalem
1994 2271 2101 2319 qua-

1140 2342 1249 2378 tuor
1266 2326 1433 2396 figuras
1454 2325 1699 2395 significari
1716 2365 1731 2385 ‚
1767 2342 1936 2393 nempe
1954 2324 2113 2373 Hirta»-

1138 2405 1250 2450 riam
1273 2435 1289 2455 ‚
1336 2398 1602 2466 Allegoriam
1629 2436 1643 2457 ‚
1679 2398 1979 2465 Tropologinm
2006 2431 2022 2451 ,

1139 2472 1404 2538 Anagogen.
1433 2462 1701 2521 Secundum
1723 2470 1969 2519 Hift'oriam
1996 2465 2110 2512 civi-

1140 2556 1207 2589 tas
1230 2538 1295 2590 est
1310 2538 1590 2609 Judaeorum
1610 2562 1620 2589 ε
1660 2537 1917 2589 secundum
1933 2537 2110 2603 Allego-

1141 2617 1253 2665 riam
1269 2608 1475 2659 Ecclesia
1491 2611 1666 2660 Christi
1684 2632 1693 2658 :
1713 2605 1971 2661 secundum
1989 2606 2112 2656 Ana-

1136 2700 1272 2752 gogen.
1299 2682 1466 2729 civitas
1504 2682 1583 2729 illa
1612 2682 1738 2737 Dei,
1768 2699 1867 2746 quae
1900 2674 2111 2724 nostrum

1142 2753 1361 2803 omnium
1379 2752 1543 2801 Parens
1555 2788 1570 2809 ,
1597 2753 1646 2802 ἃ
1662 2752 1816 2798 Patria
1834 2745 1926 2797 est:
1955 2743 2111 2794 secun-

1142 2819 1258 2872 dum
1313 2820 1610 2891 Tropologinm
1661 2822 1816 2868 anima
1868 2818 2072 2865 hominis
2097 2850 2112 2870 ᾖ

1142 2910 1284 2960 quam
1313 2887 1583 2957 frequenter
1617 2892 1705 2940 hoc
1738 2890 1931 2939 nomine
1967 2888 2110 2933 inter-

1143 2975 1349 3032 pretatus
1371 2960 1435 3010 est
1451 2963 1686 3013 Dominus
1703 2998 1713 3008 .
1954 3026 1962 3033 ·

1214 3034 1331 3081 Haec
1358 3031 1569 3082 breviter
1593 3034 1716 3082 circa
1742 3031 2110 3098 explicationem

1144 3101 1488 3153 emblematum
1533 3105 1801 3154 Civitatum
1832 3135 1843 3144 .
1895 3089 2111 3159 Superest

1146 3192 1269 3222 nunc
1307 3172 1487 3238 aliquid
1529 3172 1587 3220 de
1624 3165 1917 3236 lampadibus
1946 3161 2002 3210 ab
2035 3181 2109 3211 ea-

1147 3262 1253 3292 rum
1285 3239 1460 3291 foribus
1496 3241 1714 3310 pendulis
1746 3236 1947 3286 addere.
1986 3234 2106 3282 Hie-

1949 3304 2110 3370 rogly-
