2425 3747
307 228 400 275 ¹42

297 278 392 330 bris
421 279 719 331 solummodo
751 284 906 349 tophis
939 279 1127 337 excisa,
1162 297 1281 327 nun-

292 368 434 418 quam
459 366 591 400 terrae
610 350 906 419 superfic1em
942 346 1019 396 sua
1042 351 1172 398 mole
1210 348 1281 396 su-

296 438 527 490 peravere
553 431 567 466 ?
612 422 837 469 Praeterea
868 419 997 467 idem
1023 420 1208 469 Αυξὶοτ
1230 420 1279 466 in

297 495 407 542 'vita
432 491 684 544 Coflantini
708 486 791 537 lib.
820 508 860 538 1.
891 507 990 556 cap.
1011 508 1095 553 42.
1115 488 1197 538 ubi
1222 489 1281 537 de

296 559 553 611 honoribus
570 558 810 626 Episcopis
830 558 997 608 delatis
1013 595 1029 618 ,
1047 562 1097 610 ὃ(
1114 561 1173 609 de
1192 561 1277 607 Ec-

298 627 543 679 clcfiarum
574 626 961 678 insti-afflonibus
994 632 1185 698 agitur,
1221 649 1281 679 ex

297 697 479 749 Valefii
498 696 713 748 versione
741 696 802 748 fic
834 700 1071 766 loquitur:
1110 700 1283 775 Qum

294 774 427 818 etiam
448 769 648 836 Ecclefiis
666 770 755 820 Dei
774 771 965 834 plurima
992 790 1048 820 ex
1073 773 1283 841 thesauris

282 841 383 908 suis
408 840 614 909 beneficia
630 840 1010 908 subministravit
1035 876 1050 898 ‚
1080 847 1282 907 partina,

284 911 435 978 sacras
462 911 566 959 aedes
595 913 865 980 amplificans
892 946 907 967 ,
945 914 1000 960 <J
1029 916 1078 960 in
1093 912 1284 980 fitblime

296 986 469 1049 erigens
499 1016 516 1039 ,
556 984 722 1046 partim
750 982 933 1048 augusta
965 980 1280 1050 Ecclefiaru.¹n-‚

283 1054 481 1122 sacraria
488 1053 695 1117 plurimis
718 1051 913 1100 donariis
927 1069 1138 1101 exornans
1154 1090 1164 1100 .
1186 1053 1278 1105 Ul-

294 1121 507 1170 terius‘in
532 1119 616 1168 lib.
643 1139 688 1167 2.
716 1139 815 1188 cap.
836 1130 919 1184 46.
941 1120 1144 1171 refertur
1172 1124 1282 1190 Epi-

294 1192 411 1240 stola
432 1188 729 1241 Constantini
758 1190 817 1239 ad
836 1189 990 1259 ipsum
1007 1190 1281 1250 Eusebium,

297 1264 349 1312 &
364 1260 423 1309 ad
439 1262 645 1326 reliquos
670 1259 927 1329 Episcopos
943 1296 959 1319 ,
988 1261 1047 1311 de
1068 1261 1283 1310 Ecclefiis

296 1328 555 1380 Praefidum
572 1331 720 1399 opera
737 1329 1047 1389 aedificandis,
1067 1331 1281 1380 vetustis-

295 1419 388 1468 que
413 1400 678 1450 reficiendis
698 1437 708 1447 .
738 1399 953 1467 Epistolae
977 1400 1121 1450 verba
1147 1400 1279 1450 sunt:

301 1475 410 1523 Ciam
435 1473 559 1540 usque
585 1473 644 1520 ad
658 1473 768 1520 banc
791 1471 905 1520 diem
927 1476 1063 1538 impia.
1081 1475 1281 1541 praestim-

288 1547 385 1610 ptio
401 1578 416 1599 ,
468 1546 523 1591 (Υ
547 1546 778 1609 tyrannica
810 1545 1279 1595 violentiaminiffros

295 1614 553 1662 Servasoris
570 1615 669 1663 noH
670 1617 714 1661 ri
717 1612 786 1679 stt
791 1613 1041 1681 persequuta
1053 1650 1068 1671 ,
1078 1631 1154 1680 pro
1170 1631 1279 1663 certo

294 1682 423 1732 habeo
436 1714 451 1735 ,
483 1683 688 1746 planEque
704 1683 814 1727 mihi
829 1682 919 1745 ipst
921 1685 1146 1746 persuadeo
1162 1718 1177 1739 ,
1192 1703 1279 1730 om·

295 1755 416 1800 nium
446 1748 723 1816 Ecclefiarum
753 1749 934 1818 aedificia
960 1767 1033 1798 aut
1050 1765 1128 1816 per
1155 1756 1277 1800 incu-

294 1826 407 1870 riam
430 1834 650 1885 corrupta,
686 1836 759 1868 aut
785 1833 871 1883 pre
901 1836 1014 1869 metu
1037 1825 1281 1889 ingruentis

295 1905 525 1955 temporum
544 1893 795 1958 iniquitatis
812 1893 954 1939 minus
966 1891 1193 1958 honorifice
1204 1915 1279 1943 ex-

295 1965 409 2010 culta
434 1961 511 2027 effi
527 1996 536 2007 .
577 1959 731 2027 Eusebi
749 1956 901 2026 frater
926 1961 1162 2026 chariffime
1188 1967 1278 2013 &a

298 2032 359 2078 Et
378 2029 525 2076 infra:
563 2030 745 2082 Cuniios
773 2030 950 2078 admone
968 2066 984 2088 ,
1018 2036 1134 2080 utin
1161 2047 1280 2094 opera

297 2099 574 2167 Ecclestarum
604 2104 720 2149 omni
743 2100 977 2168 diligentia
1006 2135 1021 2156 ,
1059 2118 1106 2149 ac
1135 2103 1280 2152 §ludio

296 2169 546 2220 incumbant
558 2206 573 2227 ,
592 2191 665 2238 quo
692 2186 763 2218 aut
780 2184 1028 2234 reparentur
1046 2189 1130 2237 quae
1148 2174 1283 2222 adbuc

297 2257 470 2290 manent
486 2276 501 2297 ,
541 2256 613 2289 aut
627 2256 858 2308 augeantur
873 2245 923 2288 in
939 2246 1076 2306 majus
1088 2277 1103 2298 ‚
1141 2244 1279 2311 autfi-

296 2313 386 2359 cuti
400 2311 494 2378 ufits
512 2312 814 2376 postulaverit
828 2346 844 2368 ,
869 2328 987 2360 nova
1005 2311 1277 2380 aedificentur.

699 212 1129 265 VETERA
1202 209 1901 263 MONIMENTA

1333 281 1397 327 las
1428 280 1559 328 adire
1587 280 1926 330 consueverant
1950 316 1966 338 ,
2005 280 2064 329 eo
2095 284 2319 330 conveni-

1333 361 1437 396 rent
1452 382 1468 404 ,
1496 366 1617 398 neve
1637 348 1898 399 solemnem
1917 352 2099 398 cultum
2115 354 2218 400 Deo
2235 370 2312 399 ex·

1333 415 1549 466 biberent
1564 455 1574 466 .
1600 420 1745 469 Porro
1765 422 1879 487 quid
1896 417 2018 469 hisce
2039 419 2317 471 testimoniis

1333 489 1620 537 luculentius
1637 490 1697 538 ad
1716 488 2111 548 confirmandum,
2128 493 2315 556 primae-

1333 575 1420 605 vos
1435 558 1610 606 Christi
1635 559 1819 609 Fideles
1843 560 2050 628 Templa
2067 596 2082 617 ,
2099 578 2150 607 ac
2171 559 2318 610 sacras

1337 629 1469 677 AEdes
1494 626 1697 678 habuisse
1734 629 1952 679 domibus
1974 649 2106 697 pares
2130 651 2146 690 3
2170 648 2316 680 ,nom

1337 712 1494 746 autem
1514 699 1647 746 unic&
1667 701 1714 746 in
1732 702 2037 749 Coemeteriis
2052 736 2068 758 ,
2105 698 2319 749 secretis·

1336 786 1426 836 que
1444 768 1622 816 telluris
1645 766 1907 817 visceribus
1923 770 2207 818 sacrosaneht
2224 773 2314 818 mi-

1337 835 1521 886 nisteria
1539 855 1759 907 peragere
1790 836 1974 907 semper
1999 837 2284 891 consuevisse
2300 878 2312 890 .

1441 904 1612 955 Forsan
1648 927 1748 975 quae
1784 906 2023 976 hucusque
2065 913 2315 961 retulimus

1333 975 1530 1025 aedificia
1561 975 1697 1027 sacris
1735 979 2008 1046 Synaxibus
2041 979 2312 1046 deputata...

1334 1049 1526 1115 privatae
1545 1046 1713 1097 domus
1730 1045 1860 1099 fuere
1873 1085 1889 1108 ‚
1903 1068 2012 1117 quas
2029 1046 2215 1099 fervida
2232 1053 2318 1102 illo

1334 1135 1435 1166 aevo
1462 1118 1699 1166 Fidelium
1734 1120 1881 1186 p1etas
1908 1121 1987 1169 vel
2020 1122 2068 1168 in
2095 1134 2316 1187 partem,

1336 1190 1414 1237 vel
1433 1189 1479 1234 in
1506 1202 1663 1236 totum
1698 1193 1800 1239 Deo
1816 1191 2086 1251 dicaverat3
2123 1208 2316 1243 nonve-

1335 1259 1388 1305 ro
1406 1256 1593 1326 publica
1612 1294 1626 1315 ,
1663 1261 1712 1310 &
1733 1259 1953 1310 universo
1974 1259 2147 1310 Christi
2181 1265 2314 1332 gregi

1334 1330 1608 1376 communia
1633 1364 1649 1387 ‚
1686 1327 1981 1398 profanisque
1995 1338 1997 1342 '
2013 1339 2317 1383 commercus

1334 1412 1556 1466 exempta
1577 1434 1587 1445 .
1627 1403 1697 1447 At
1715 1401 1852 1468 longe
1872 1400 2056 1450 diversa
2079 1398 2212 1451 fateri
2232 1422 2316 1453 nos

1334 1482 1512 1534 cogunt
1534 1469 1734 1537 gratiosa
1766 1506 1784 1528 ,
1824 1470 2317 1540 indulgentiffimaque

1335 1538 1506 1585 Licinii
1527 1542 1576 1588 ὅτ.
1596 1540 1891 1590 Constantini
1917 1541 2107 1593 Caesaris
2124 1545 2315 1592 decreta

1334 1609 1458 1676 apud
1476 1607 1720 1675 praefatum
1737 1609 1992 1659 Eusebium
2008 1610 2092 1659 lib.
2115 1632 2188 1661 10.
2208 1631 2247 1660 c.
2268 1630 2313 1674 ς.

1332 1695 1432 1743 quae
1465 1678 1664 1727 solidam
1698 1677 2000 1746 securamque
2034 1681 2313 1733 Christianis

1331 1763 1494 1794 earum
1515 1765 1673 1796 rerum
1705 1747 2028 1815 poffeffionem
2066 1749 2315 1814 astruunt,

1333 1834 1443 1882 quas
1476 1816 1834 1884 persecutorum
1876 1819 2013 1868 turba
2048 1836 2266 1889 rapuerat
2296 1859 2309 1870 .

1334 1886 1557 1936 Praediefita
1591 1888 1778 1937 decreta
1808 1925 1826 1947 ‚
1877 1887 1974 1937 five
2000 1887 2168 1938 statuta
2207 1889 2266 1940 fic
2286 1894 2313 1942 εἴ·

1335 1957 1502 2002 Graeco
1523 1959 1669 2004 vertit
1692 1957 1907 2007 Valefius
1926 1980 1936 2006 ι
1954 1960 2044 2009 Hoc
2061 1978 2198 2009 autem
2216 1979 2306 2010 am-

1325 2028 1447 2091 plius
1465 2031 1512 2074 in
1536 2032 1725 2095 gratiam
1742 2031 2092 2079 Christianorum
2123 2032 2316 2083 decerni-

1335 2115 1424 2144 mus
1441 2129 1456 2152 ,
1492 2113 1539 2145 ut
1561 2100 1650 2146 loca
1676 2100 1856 2166 ipsorum
1873 2135 1888 2156 ‚
1904 2104 1952 2147 in
1968 2101 2116 2169 quibus
2133 2105 2312 2151 antehac

1334 2171 1566 2215 convenire
1583 2170 1892 2235 consueverant
1907 2204 1923 2226 ,
1953 2172 2005 2220 de
2020 2170 2171 2238 quibus
2186 2178 2234 2221 in
2251 2176 2312 2224 li-

1332 2241 1439 2285 teris
1448 2241 1575 2300 priits
1591 2239 1651 2288 ad
1668 2240 1938 2289 devotionem
1950 2258 2070 2289 tuam
2084 2243 2201 2292 datis
2220 2247 2308 2293 alia

1332 2324 1422 2356 erat
1430 2305 1580 2375 forma
1594 2343 1609 2365 ,
1624 2310 1843 2374 superiori
1855 2324 2037 2376 tempore
2053 2314 2311 2373 constituta,

297 2383 433 2428 Num
452 2381 596 2429 sacras
617 2385 733 2429 aedes
749 2382 826 2430 vel
846 2382 893 2427 in
913 2378 1112 2430 sublime
1134 2385 1279 2450 erige·
1318 2379 1372 2446 st
1392 2383 1551 2445 quiam
1564 2383 1590 2426 a
1605 2378 1724 2445 Fifeo
1743 2384 1890 2431 nofi'ro
1906 2415 1921 2436 ,
1959 2398 2032 2430 aut
2043 2382 2093 2429 ab
2109 2384 2193 2431 alio
2215 2403 2313 2450 quo-

296 2464 370 2499 ret
395 2485 410 2507 ‚
462 2450 810 2517 earundemque
842 2448 1038 2498 sacraria
1073 2451 1278 2501 donari1s

296 2534 548 2569 exornaret
573 2556 589 2578 ,
624 2518 709 2568 nifi
737 2527 833 2583 jam
865 2535 999 2571 antea
1027 2519 1133 2588 ipsae
1159 2522 1277 2572 aedes

295 2588 460 2648 sacrae,
495 2592 545 2641 ὃς
568 2608 730 2639 earum
754 2588 945 2638 sacraria
975 2590 1275 2641 consti-ueta,

296 2657 506 2708 fuissent?
547 2659 725 2709 Itidem
745 2662 791 2707 in
806 2659 976 2709 eodem
991 2657 1124 2709 liba.
1145 2679 1270 2724 c.53.

296 2725 451 2777 sermo
478 2728 543 2777 est
576 2730 634 2778 de
654 2730 825 2778 Licinii
854 2730 1038 2787 edisto,
1075 2749 1169 2797 quo
1196 2739 1271 2795 ju-

298 2794 495 2845 bebatur
512 2800 568 2848 ηὲ
585 2801 679 2847 viri
703 2799 868 2849 orandi
891 2798 1026 2848 causa
1045 2802 1091 2848 in
1108 2803 1270 2860 Eccle-

297 2862 411 2915 fiam
432 2869 534 2915 Dei'
551 2865 686 2916 fimul
711 2887 821 2917 cum
856 2868 1135 2920 mulieribus
1163 2892 1274 2922 con·-

297 2937 515 2985 venirent
533 2972 544 2983 .
582 2938 641 2983 Et
657 2939 703 2984 in
725 2937 805 2986 lib.
825 2958 868 2986 2.
889 2959 988 3008 cap.
1015 2958 1059 2986 2.
1080 2940 1138 2990 de
1156 2940 1272 3007 ejus-

296 3005 408 3054 dem
429 3007 601 3053 Licinii
622 3005 947 3073 persecutione
974 3008 1026 3056 fit
1058 3015 1274 3073 me11ti03

296 3094 350 3123 ac
375 3075 571 3143 proinde
595 3091 806 3124 narratur
825 3112 841 3134 ‚
866 3079 1036 3125 multas
1055 3080 1277 3131 Ecclefias

297 3145 398 3193 solo
425 3159 620 3211 aequatas
637 3141 768 3194 fuiffe
785 3181 800 3202 ,
836 3147 948 3195 alias
966 3151 1080 3197 veru
1106 3149 1280 3199 clausas

298 3217 325 3265 ὲ
342 3213 611 3265 Praefidibus
633 3215 992 3266 Provinciarum
1004 3253 1020 3276 ,
1045 3217 1101 3267 nc}
1121 3222 1199 3286 qui
1217 3222 1275 3270 il-

1324 2454 1447 2515 piam
1460 2484 1475 2506 ,
1510 2465 1556 2496 ea
1574 2449 1711 2515 emiffi²
1729 2450 2003 2519 ‘visi'fizerint
2016 2458 2034 2508 ,’
2061 2455 2165 2519 ipsi}
2180 2455 2316 2514 Chri-4

1329 2521 1492 2570 fc'ianis
1509 2518 1658 2584 absque
1675 2520 1765 2567 ulla
1773 2527 1952 2585 pecunia
1963 2557 1979 2578 ‚
2016 2525 2071 2571 &⁸
2081 2524 2173 2589 fine
2187 2539 2305 2589 repe-

1324 2594 1478 2640 titione
1491 2590 1579 2636 ulla
1596 2589 1890 2655 fitperaa'jec‘ii
1900 2595 2038 2657 pretii
2053 2595 2305 2643 incunelan-

1325 2676 1390 2710 ter
1403 2695 1419 2717 ‚
1454 2658 1600 2726 acstne
1615 2660 1703 2707 ulla
1716 2661 1889 2730 ambage
1902 2663 2168 2722 restituant5
2199 2666 2254 2713 (J
2267 2665 2315 2732 [ἱ

1325 2734 1398 2797 qui
1413 2729 1553 2777 eadem
1577 2731 1665 2777 loca
1682 2728 1786 2779 dono
1803 2737 2039 2796 acceperint
2050 2769 2064 2789 ,
2081 2750 2129 2782 ut
2144 2750 2193 2782 ea
2203 2747 2307 2796 pro-

1326 2803 1446 2848 tinus
1462 2799 1736 2850 Christianis
1761 2802 1970 2851 reddant.
2008 2802 2209 2880 Qodfi
2225 2810 2299 2870 qui

1326 2886 1373 2919 ea
1396 2871 1485 2917 loca
1503 2887 1717 2929 emerunt,
1755 2889 1828 2921 aut
1855 2874 2011 2921 donata
2036 2889 2279 2939 acceperunt
2293 2911 2312 2933 ,

1327 2939 1499 3005 aliquid
1519 2945 1543 2989 ᾱ
1562 2942 1710 2991 noflra
1731 2946 1955 2992 clementia
1974 2957 2114 3007 petere
2137 2947 2306 3004 velint3

1328 3011 1366 3057 ii
1382 3007 1629 3076 Praefec‘ium
1646 3047 1661 3068 ,
1692 3018 1765 3080 qui
1786 3018 1834 3061 in
1854 3016 1933 3062 illa
1949 3016 2191 3065 Provincia
2207 3016 2307 3081 ‘’Jus-

1330 3078 1443 3127 dicit
1458 3114 1474 3135 ‚
1510 3080 1663 3128 adeant
1685 3119 1700 3139 ,
1736 3099 1783 3132 ut
1805 3091 1829 3134 ὰ
1855 3086 2001 3135 noflra
2026 3084 2059 3133 S
2062 3089 2308 3134 serenitate-2

1331 3154 1440 3197 ratio
1458 3151 1636 3217 ipsorum
1652 3152 1856 3205 habeatur
1875 3189 1885 3199 .
1909 3153 2023 3225 ,taae
2042 3155 2207 3222 quidem
2217 3151 2306 3202 om-

1327 3222 1402 3268 nia
1422 3226 1620 3282 protinus
1653 3223 1753 3292 fine
1789 3226 1880 3290 ulla
1908 3224 2115 3276 dilatione
2149 3228 2308 3291 corpori

2088 3296 2310 3349 Christia-
