2425 3747
297 208 391 238 xv}

298 261 553 329 ambigua
591 257 802 331 prorsus
849 258 919 312 est
941 299 955 319 ‚
991 275 1374 328 congeremus,
1406 260 1460 313 δε
1487 260 1664 314 omnia
1685 297 1702 320 ‚
1738 275 1859 334 quae
1899 260 1966 315 ad
1987 261 2101 316 haec
2133 264 2305 320 nostra

298 354 542 410 tempora
572 339 770 409 partim
794 355 916 392 aevo
937 337 1176 406 graviori
1206 337 1487 410 paululum
1510 337 1687 395 afflata
1710 376 1726 398 2
1742 340 1944 411 partim
1963 380 1979 401 ,
2005 343 2177 396 immo
2197 343 2304 415 ple-

297 433 468 489 raque
496 414 652 469 illaesa
682 428 1019 486 permanent,

375 495 620 548 Primum
642 494 805 562 igitur
828 490 882 543 id
901 511 929 545 a
964 494 1047 546 Te
1070 499 1090 568 (
1111 493 1306 548 Lestor
1325 493 1714 566 erudite)mihi
1736 496 2025 568 petendum
2053 496 2154 551 est:
2197 499 2304 552 Ve-

294 572 441 625 niam
462 570 721 623 voluntati
742 586 802 621 ne
826 568 1050 640 deneges
1067 609 1082 630 ,
1101 568 1263 624 ficubi
1298 569 1407 624 nisu
1427 571 1703 626 salubriori
1724 575 1977 644 praecessit
1998 576 2270 645 ingenium
2288 603 2301 636 ;

295 647 482 702 deinde
524 648 808 718 Scriptoris
839 649 1080 702 animum
1104 650 1318 721 *excites
1350 646 1577 720 benigna
1610 668 1798 705 eorum
1827 652 2109 708 tolerantia
2130 693 2145 714 ,
2182 671 2305 728 quae

296 726 503 780 homini
530 726 581 776 in
618 724 856 795 pluribus
876 739 1135 798 occupato
1157 727 1280 781 curn
1305 729 1420 781 haec
1445 726 1726 781 scriberem
1746 766 1761 787 ‚
1785 729 1959 783 minus
1983 729 2191 786 fortasse
2222 748 2305 786 acm

295 804 482 858 curate
515 802 814 856 exciderint
839 842 854 862 ,
897 805 1069 857 immo
1107 805 1161 857 ὃ(
1184 806 1458 876 corrigas;
1497 806 1670 859 acrius
1693 808 1886 862 etenim
1923 810 2165 864 incitabis
2208 811 2304 882 1⁰1³

295 881 413 935 haec
452 879 616 935 studia
636 878 817 953 suapte
854 878 1044 936 naturai
1074 882 1430 954 propensum,
1481 881 1518 936 fi
1559 882 1985 954 castigationibus
2022 887 2126 940 tuis
2168 888 2307 957 inge-

293 959 445 1013 nium
464 958 662 1017 docile,
695 975 787 1012 nec
806 956 879 1011 sui
906 973 1068 1014 tenax
1093 959 1161 1015 ad
1184 961 1406 1016 meliora
1425 961 1776 1015 formaveris.
1800 963 1853 1015 Si
1873 981 1994 1036 quae
2018 966 2144 1018 Tibi
2168 983 2309 1020 nova

293 1035 518 1092 attuliffe
555 1035 742 1091 videar
767 1074 782 1096 ,
826 1055 991 1107 opus:
1025 1036 1098 1090 fin
1140 1039 1312 1094 minus
1339 1078 1353 1099 ‚
1391 1040 1722 1093 voluntatem
1767 1040 1863 1092 tibi
1903 1041 2308 1097 addiciiffimam

293 1115 542 1186 probabis
568 1156 578 1165 .
601 1116 862 1169 Praeterea
882 1117 1175 1170 verborum
1200 1117 1461 1172 delectum
1483 1156 1500 1181 ‚
1539 1118 1593 1170 ὃ(
1613 1114 1650 1168 fi
1681 1134 1802 1190 quae
1825 1116 1939 1172 sunt
1959 1157 1974 1178 ‚
2009 1137 2132 1192 quae
2150 1124 2215 1175 ab
2231 1123 2307 1174 In·

290 1183 473 1249 'stituto
493 1190 650 1246 officii
688 1193 792 1246 mei
829 1193 1124 1264 plurimum
1147 1195 1335 1251 distant
1357 1234 1371 1255 ,
1413 1197 1520 1249 noli
1559 1193 1787 1250 severius
1809 1213 1840 1250 a
1877 1214 1962 1250 mc
1983 1201 2258 1271 requirere
2290 1240 2302 1251 .

289 1271 499 1324 Durius
528 1271 725 1343 quippe
756 1289 913 1341 agere
939 1272 1224 1333 videreris,
1260 1273 1296 1327 fi
1332 1292 1360 1328 a
1385 1275 1507 1328 viro
1530 1312 1545 1334 ,
1579 1291 1743 1346 quem
1765 1275 1919 1347 plura
1956 1274 2255 1330 distrahunt
2291 1314 2308 1335 2

291 1347 631 1422 detinentque
658 1387 675 1408 ‚
719 1365 840 1422 quae
869 1348 1126 1405 sermonis
1169 1355 1396 1407 nitorem
1418 1391 1434 1412 ‚
1476 1353 1529 1405 &
1579 1351 1900 1420 elegantiam
1941 1352 2221 1416 deterunt,
2255 1355 2311 1408 ὅ(

290 1423 568 1481 infirmant
592 1466 606 1485 ,
653 1443 808 1480 omne
843 1429 1070 1482 verbum
1106 1447 1345 1490 arceres,
1384 1429 1531 1505 quod
1560 1429 1805 1487 Tullium
1831 1470 1846 1491 ,
1882 1430 2308 1506 Caesaremque„-

286 1521 392 1560 non
425 1503 589 1576 sapiat
611 1532 624 1568 ς,
672 1506 819 1577 Nam
846 1507 899 1559 δε
921 1507 1120 1561 vitibus
1141 1508 1265 1564 folia
1286 1509 1623 1564 detrahimus
1645 1547 1659 1567 ,
1682 1523 1742 1562 ut
1765 1512 1980 1564 illarum
2011 1509 2216 1564 frudius
2244 1511 2307 1564 ci-

288 1583 396 1637 tius
420 1583 488 1635 ad
517 1577 885 1638 maturitatem
908 1603 1326 1656 promoveantur
1354 1630 1364 1639 .
1405 1583 1639 1642 Ornatus
1673 1587 1942 1659 operofior
1978 1587 2265 1662 disquisitio
2293 1627 2311 1649 ,

288 1677 415 1734 quae
443 1662 665 1715 nimiam
704 1679 918 1720 moram
957 1666 1107 1735 operi
1140 1664 1388 1719 attulisset
1409 1704 1425 1724 ,
1463 1662 1681 1719 molesta
1728 1680 1843 1721 erat
1875 1666 2056 1719 animo
2079 1668 2172 1720 tibi
2198 1667 2310 1720 cito

289 1736 552 1791 :inservire
569 1740 800 1809 cupienti
824 1777 840 1797 ,
877 1744 1217 1815 memorique
1236 1743 1614 1796 Tertullianeae
1637 1740 1930 1799 sententiae:
1955 1745 2309 1814 Compendzum

280 1815 520 1896 sermonis
575 1823 626 1870 ὕ
652 1834 858 1889 gratum
899 1851 915 1879 9
971 1825 1023 1875 (7
1062 1821 1368 1894 neccffzrimn
1403 1821 1462 1891 est
1497 1861 1508 1874 .
1558 1817 1810 1885 ,Quoniam
1841 1822 2002 1901 firmo
2044 1821 2306 1897 laciniosus

289 1901 342 1950 (θ’
363 1892 578 1969 onerosus
595 1932 610 1953 ‚
653 1901 704 1949 <5
725 1914 887 1952 vanus
917 1896 976 1966 est
997 1936 1010 1948 .
1056 1897 1194 1953 Vale
1217 1939 1228 1953 .

1310 2057 1430 2066 .—-—-—ae
1443 2058 1673 2069 —a-oeu--w-um

447 2135 1218 2211 RELMPRIMATUR;

287 2265 341 2324 Si
368 2266 633 2325 videbitur
655 2272 1109 2331 Reverendiffimo
1133 2280 1278 2334 Patri
1310 2281 1455 2337 Sacri
1473 2280 1664 2335 Palatii
1684 2278 1976 2353 Apostolici
2001 2275 2267 2346 Magistro
2293 2317 2303 2330 2

805 2404 852 2455 F.
870 2405 941 2456 M.
963 2406 1020 2464 de
1037 2404 1221 2460 Rubeis
1241 2406 1638 2484 Archiepiscopus
1656 2408 1795 2482 Tarfi
1814 2404 2117 2481 Vicesgerens
2136 2447 2149 2458 .

298 2555 702 2565 &mum-mm

440 2651 1215 2710 REIM‘PRIMATUR.

287 2773 369 2828 Fr.
390 2775 644 2845 Aloysius
665 2779 920 2836 Nicolaus
941 2780 1143 2836 Ridolfi
1168 2784 1316 2839 Sacri
1340 2784 1530 2842 Palatii
1549 2786 1841 2859 Apostolici
1870 2786 2160 2860 Magister.

2081 3222 2302 3294 JOAN=
