2425 3747
2390 0 2399 67 a*
2414 0 2421 131 X

2419 133 2425 270 l

267 264 454 317 straret
474 281 588 319 tam
621 264 795 319 Sacrae
813 301 829 322 ,
849 264 1012 336 quam
1036 261 1271 331 profanae
1299 261 1629 333 antiquitatis
1644 259 1968 313 monimenta
1983 295 1999 318 ‚
2020 254 2280 310 neceffitu·

270 342 449 396 dinem
480 341 865 409 coluitJoannis
883 339 1052 396 Lucii,
1078 339 1220 397 Viri,
1238 341 1387 406 cujus
1412 339 1728 408 dignitatem
1755 352 1871 391 tum
1895 337 1947 390 in
1967 335 2111 393 aliis,
2128 348 2283 387 tum..

269 422 321 473 in
346 421 445 474 hoc
485 419 805 492 potissimum
829 416 1123 470 studiorum
1163 433 1357 486 genere
1390 416 1752 487 praestantiam
1785 416 1992 470 abunde
2030 411 2283 467 testantur

270 496 521 553 Historiae
543 499 718 565 Regni
741 494 1032 549 Dalmatiae
1056 533 1073 555 ,
1115 492 1278 548 &alii
1300 495 1646 566 quamplures
1682 494 1838 550 libri.
1883 494 2108 566 quibus,
2148 488 2281 542 dum

271 575 551 629 Literariae
582 572 912 644 Reipublicae
937 571 1194 626 consuluit
1220 609 1235 630 ,
1278 585 1536 625 aeternum
1561 572 1760 625 nomini
1787 569 1879 624 suo
1896 571 2285 623 monimentum

273 652 563 706 constituit.
610 651 953 722 Temperabo
973 668 1005 704 a
1026 650 1239 704 coeteris
1269 652 1379 719 ejus
1405 650 1663 703 virtutum
1698 648 1942 704 laudibus
1965 687 1982 708 ‚
2023 649 2147 701 cum
2171 647 2286 699 haec

274 728 528 783 laudandi
551 726 724 782 officia
761 727 1136 782 necessitudinis
1167 744 1300 781 meae
1333 744 1463 798 erga
1488 727 1636 780 illum
1668 729 1784 796 jam
1822 726 2062 799 publicus
2100 738 2289 777 rumor

229 803 231 805 ’
272 807 595 879 praevenerit
620 833 637 866 ς
681 808 734 858 ἃ
762 807 902 875 grati
939 806 1101 859 animi
1140 805 1437 860 testimonia
1471 806 1652 877 paucis
1685 804 1954 875 indigeant
1988 802 2130 875 apud
2165 819 2287 859 eos,

274 885 472 957 quibus
513 889 635 940 ante
669 881 919 938 beneficia
954 882 1331 942 constiterunt,
1373 884 1538 957 quam
1573 883 1697 937 Viri
1727 900 1918 936 nornen
1940 925 1952 934 .
1994 882 2156 936 Hunc
2200 880 2293 933 ita-

275 979 382 1035 que
411 961 536 1015 cum
573 961 901 1036 frequentior
935 959 1106 1016 adiret
1131 962 1239 1014 Vir
1263 961 1346 1016 ille
1367 1000 1381 1021 ,
1424 961 1478 1014 δι
1515 959 1750 1015 eruditos
1785 960 2050 1014 sermones
2085 958 2150 1011 de
2179 974 2295 1010 mo-

274 1056 334 1093 re
353 1040 572 1093 haberet
593 1077 609 1098 ,
654 1038 891 1112 quadam
917 1039 1001 1092 die
1033 1038 1258 1094 fortuito
1292 1039 1356 1092 de
1385 1038 1617 1096 Mufivis
1640 1039 1907 1110 Operibus
1934 1036 2150 1111 quaestio
2175 1048 2297 1089 orta

277 1116 347 1170 est
375 1154 392 1176 ,
434 1134 493 1170 ac
528 1115 592 1171 de
617 1117 681 1171 iis
704 1115 1061 1189 potissimum,
1099 1135 1220 1192 quae
1258 1119 1310 1169 in
1348 1117 1509 1171 Urbis
1549 1115 1787 1170 Ecclefiis
1820 1114 1978 1168 hodie
2012 1112 2260 1171 visuntur
2282 1153 2294 1164 .

275 1196 434 1249 Hanc
461 1196 645 1249 nastus
671 1193 992 1251 occasionem
1028 1197 1225 1250 Lucius
1244 1235 1259 1253 ‚
1301 1209 1566 1269 quotquot
1595 1196 1668 1247 ibi
1688 1193 1876 1267 praesto
1910 1207 2060 1246 erant
2082 1231 2098 1253 ,
2139 1205 2295 1265 quot-

278 1286 413 1348 quot
458 1272 666 1328 erudita
708 1273 1022 1327 exercitatio
1074 1272 1389 1344 suggerebat
1414 1311 1428 1332 ‚
1474 1273 1767 1328 testimonia
1805 1272 2054 1327 recitavit
2093 1308 2108 1330 ,
2149 1268 2299 1341 polli-

278 1353 413 1405 citus
453 1350 644 1421 plura,
686 1349 724 1404 fi
758 1365 978 1424 cuperet
1016 1391 1031 1411 ,
1072 1350 1121 1405 se
1162 1353 1453 1405 allaturum
1502 1369 1570 1405 ex
1605 1351 1979 1422 probatissimis
2015 1349 2302 1420 Scriptori·

279 1431 377 1483 bus
406 1444 660 1500 excerpta
684 1468 699 1488 ‚
743 1432 835 1503 qui
863 1429 928 1483 de
950 1430 1208 1484 nonnullis
1241 1430 1404 1484 Urbis
1440 1429 1680 1484 Ecclefiis
1713 1431 1918 1503 aliquot
1936 1422 2082 1483 retro
2103 1425 2302 1480 saeculis

281 1504 719 1578 conscripsissent.
764 1507 994 1582 Ideoque
1025 1526 1086 1562 eo
1122 1523 1366 1580 tempore
1403 1508 1685 1578 diligenter
1718 1506 2078 1580 perscrutatus
2101 1504 2309 1558 Audio·

282 1601 368 1638 res
407 1584 549 1643 illos,
591 1586 690 1659 qui>
719 1585 783 1640 de
818 1584 1119 1655 hujusmodi
1158 1588 1313 1640 rebus
1344 1585 1497 1658 plura
1539 1585 1904 1645 tradiderant,
1945 1587 2000 1639 ἃ
2034 1585 2306 1638 aliorum„

283 1661 475 1732 scripta
503 1679 628 1716 cum
652 1665 982 1733 Imaginibus
1003 1703 1016 1722 ‚
1037 1681 1157 1737 quae
1192 1664 1260 1718 ad
1293 1666 1433 1717 hunc
1470 1662 1613 1719 diem
1655 1664 1872 1723 stetere,
1899 1663 2097 1718 attente
2131 1657 2308 1714 confe-

286 1757 404 1792 rens
430 1777 443 1796 ‚
491 1740 680 1794 Exteri
708 1740 937 1793 studium
968 1741 1107 1794 illius
1149 1742 1348 1793 oculari
1388 1743 1761 1811 experimento
1797 1743 2036 1796 excitare
2070 1738 2308 1794 curabat.

286 1817 487 1887 Saepius
521 1818 573 1869 ὅ(
612 1815 724 1888 Ipse
751 1815 1055 1886 hujusmodi
1081 1816 1481 1889 inspediionibus
1503 1818 1646 1872 adfui
1665 1846 1679 1880 3
1726 1821 1849 1873 esim
1880 1820 2021 1874 enim
2062 1818 2311 1872 locorum

283 1893 524 1947 distantia
543 1933 556 1952 ,
602 1895 655 1947 ὅ(
678 1895 830 1948 Lucii
856 1896 1049 1963 gravis
1082 1913 1209 1950 aetas
1232 1896 1464 1950 vehIculi
1488 1914 1647 1968 opem
1680 1895 1989 1970 exposceret
2009 1935 2025 1956 ‚
2068 1912 2189 1950 meo
2230 1906 2310 1948 ut-

284 1972 583 2044 plurimum
624 1974 873 2026 utebatur
903 2011 917 2031 ,
960 1974 1386 2048 rependebatque
1436 1974 1786 2043 gratissimam
1831 1976 1967 2030 mihi
2000 1972 2306 2028 collocutio-

286 2050 367 2103 nis
394 2047 497 2103 suae
516 2049 694 2105 vicem
713 2089 728 2110 ,
772 2066 938 2123 quam
960 2052 1014 2105 &
1051 2051 1280 2108 Exterus
1313 2054 1820 2123 interrogationibus
1845 2052 1953 2108 suis
1981 2051 2312 2106 utilissimam

287 2128 668 2198 exferiebatur
709 2168 720 2180 .
762 2130 837 2181 At
881 2146 943 2181 ne
981 2129 1301 2184 frustraneus
1335 2130 1492 2184 doc‘io
1532 2131 1637 2184 seni
1674 2145 1788 2187 tam
1818 2128 2194 2185 incommodus
2238 2127 2311 2182 la-

287 2205 386 2258 bor
405 2204 686 2264 evaderet,
727 2205 1008 2275 digerebat
1026 2208 1077 2259 in
1104 2207 1364 2263 Codicem
1384 2246 1400 2267 ,
1443 2225 1564 2281 quae
1596 2210 1648 2262 in
1674 2206 1901 2262 Mufivis
1926 2207 2196 2279 Operibus
2231 2221 2310 2258 re⁴

289 2295 508 2353 peterat
533 2321 547 2342 ,
590 2299 750 2353 prout
781 2301 842 2337 eo
862 2297 1101 2356 tempore
1126 2324 1140 2344 2
1185 2302 1293 2359 quo
1324 2284 1616 2346 scribebat,
1657 2286 2117 2359 conspiciebantur
2145 2311 2161 2325 ·
2205 2283 2314 2337 Lu-

288 2360 355 2412 cii
379 2361 630 2431 exemplo
653 2361 895 2424 alleCiuS,
938 2365 1030 2436 qui
1057 2365 1266 2417 tantum
1299 2361 1642 2434 descriptione
1666 2377 1940 2417 contentus
1961 2400 1976 2421 ‚
2001 2362 2310 2432 Imaginum

290 2436 508 2497 faciem,
546 2438 879 2512 statumque,
920 2442 1136 2513 qualem
1176 2458 1312 2493 nunc
1354 2442 1622 2499 obtinent,
1664 2442 1846 2512 paucis
1884 2439 2170 2512 expressit,
2212 2441 2312 2492 iri-1

289 2517 567 2570 memoriae
602 2518 778 2587 potius
808 2519 1075 2571 auxilium
1097 2555 1112 2575 ,
1154 2519 1317 2589 quam
1342 2519 1392 2570 in
1428 2517 1654 2573 historiae
1698 2516 2065 2572 rudimentum
2096 2516 2315 2589 praesen-

291 2593 363 2645 tia
380 2591 685 2663 prosecutus
705 2591 854 2652 surm
900 2594 1140 2647 animum
1164 2608 1342 2648 tamen
1366 2596 1572 2665 longius
1593 2595 1791 2648 intendi
1817 2631 1836 2657 ,
1874 2597 1928 2648 δε
1948 2611 2064 2649 tum
2087 2612 2210 2670 quae
2231 2595 2312 2649 su-

291 2667 505 2741 persunt
524 2710 539 2730 ,
565 2671 726 2740 digna
758 2668 926 2724 censui
954 2709 967 2729 ,
995 2689 1116 2744 quae
1139 2671 1441 2741 diligentius
1462 2711 1476 2732 ,
1499 2691 1558 2726 ac
1585 2673 1846 2745 prolixius
1866 2672 2321 2734 describerentur3‘

292 2761 410 2800 tum
432 2766 491 2802 ea
510 2787 524 2806 ‚
549 2765 669 2822 quae
691 2750 841 2804 abiis
873 2748 1129 2802 docemur
1147 2788 1162 2811 ,
1193 2750 1367 2803 altiori
1388 2749 1635 2819 indagine
1661 2752 1728 2805 ab
1756 2751 1991 2806 exordiis
2015 2766 2309 2824 repeteren-

298 2839 421 2879 tur.
465 2826 609 2879 Hinc
643 2826 796 2897 plura
832 2824 1153 2900 quandoque
1190 2825 1444 2881 adnotavi
1465 2827 1533 2880 ad
1558 2829 1777 2884 Sacram
1810 2828 2164 2885 eruditionem
2200 2827 2311 2901 spe·

296 2903 533 2964 ‹stantia3
578 2903 734 2974 plura
771 2905 1145 2976 interpretatus
1174 2903 1290 2957 sum
1314 2943 1330 2964 ,
1370 2922 1490 2978 quae
1532 2907 2093 2979 Hieroglyphicorum
2132 2909 2314 2964 amba·

301 2982 457 3051 gibus
478 2983 886 3035 continebantur
907 3008 922 3041 3
965 2981 1143 3053 plures
1166 2980 1370 3036 adduxi
1391 2983 1620 3037 calculos
1656 2986 1956 3039 Austorurn
1979 3024 1995 3046 ‚
2036 2984 2198 3040 sicubi
2225 2984 2316 3039 ali-

300 3058 431 3131 quid
462 3059 802 3130 probandum
836 3058 936 3112 fuit
976 3086 991 3120 ς
1035 3060 1214 3132 plures
1247 3060 1475 3133 denique
1507 3062 1745 3117 excitavi
1787 3101 1803 3123 ,
1844 3062 1883 3116 si
1921 3065 2137 3137 quando
2159 3082 2186 3118 e
2218 3080 2320 3119 re„

301 3134 628 3191 videbantur
645 3175 662 3197 ,
704 3137 758 3190 &
783 3135 849 3190 ad
873 3154 989 3193 rem
1008 3137 1180 3195 facere
1206 3176 1221 3198 ,
1265 3136 1603 3213 quaestioneS.
1647 3141 1782 3196 Haec
1804 3157 1986 3198 tamen
2023 3143 2199 3216 operis
2218 3159 2316 3197 ex-

2240 3235 2327 3276 tra
