2425 3747
760 201 1263 256 CAPUT
1372 201 1567 254 XVII.

2048 226 2134 267 151

227 275 449 320 Fatemur
476 273 633 337 itaque
663 271 712 317 in
731 270 825 318 haec
848 270 951 319 loca
978 273 1119 321 Fide·
1173 270 1365 321 latebris
1387 308 1403 331 ,
1428 275 1477 323 ἃ
1504 273 1809 321 Coemeteriis
1837 272 1991 321 minus
2016 280 2140 326 notis

153 342 217 389 les
238 338 503 390 convenisse
519 377 534 399 ‚
561 338 901 406 adjicimusque
930 358 988 388 ex
1009 360 1122 409 prae-
1172 339 1406 391 abdebant
1423 379 1438 400 ,
1473 345 1499 392 ὲ
1524 339 1789 391 notioribus
1817 341 2100 392 declinantes
2119 383 2136 403 ,

147 408 257 459 fatis
286 412 419 460 Actis
439 413 514 458 SS.
538 408 831 476 Chrysanthi
862 411 911 461 ὃς
930 413 1084 460 Dariae
1102 447 1116 468 ,

147 498 241 528 non
260 482 374 529 illuc
390 478 694 529 solummodo
713 476 957 529 ventitasse
975 500 1116 546 quan-

136 549 211 598 .do
232 551 493 617 tranquillae
523 551 573 599 &
593 563 762 617 pacatae
793 564 925 600 erant
950 552 1112 598 Eccle-

143 616 217 666 fiae
240 622 330 668 Dei
350 655 366 678 ‚
397 618 476 669 sed
497 620 649 668 adhuc
668 616 896 688 grassante
917 621 1111 689 Tyran-

142 707 314 737 norum
345 689 587 757 nequitia,
621 691 729 738 licet
760 704 873 737 tunc
901 694 1110 740 vetitum

137 757 260 809 foret
274 793 290 816 ,
309 761 582 827 crimenque
602 760 830 810 luendum
848 763 1001 828 capite
1023 778 1107 828 pu·

137 843 318 877 taretur
339 866 349 876 .
383 831 532 878 Multi
560 830 753 897 quidem
779 832 1017 901 martyrio
1036 833 1106 877 in-

134 897 315 949 hiantes
328 935 344 956 ,
370 901 484 948 illuc
502 899 546 949 se
565 897 895 958 conferebant,
917 900 1104 948 Sanftos

134 969 382 1037 Martyres
408 968 723 1028 obsecraturi,
750 986 804 1019 ut
821 968 905 1018 sibi
932 973 979 1017 in
998 968 1102 1037 supss

131 1037 285 1103 pliciis
322 1038 669 1099 constantiam,
703 1043 754 1091 ὃς
784 1041 1038 1091 νίέὶοῑίειω
1073 1043 1100 1089 ὲ

130 1109 236 1156 Deo
259 1110 570 1177 impetrarent
590 1147 600 1158 .
640 1113 864 1178 Legimus
889 1111 978 1158 hoc
1011 1111 1098 1158 in„-

128 1178 263 1227 A<f³tis
290 1181 512 1247 Stephani
532 1182 662 1248 Papae
682 1215 698 1236 ‚
728 1182 809 1246 qui
830 1183 876 1227 in
903 1183 1098 1229 Coeme-

126 1249 245 1295 terio
264 1249 451 1299 Lucinae
471 1250 731 1298 decollatus
753 1251 960 1298 interiit:
976 1250 1097 1299 Nam

124 1313 220 1372 (fic
255 1320 303 1364 in
338 1323 435 1383 ejus
454 1320 624 1382 Actis)
655 1321 982 1387 ingravescente
1010 1318 1096 1368 Im·
1145 1340 1177 1388 g

110 1402 357 1450 peratorum
378 1390 600 1442 Valeriani
622 1401 676 1439 w·
694 1391 891 1440 Gallieni
902 1391 1091 1457 persecu-

117 1460 235 1508 tione
255 1495 270 1516 ‚
304 1460 545 1525 Stephanus
581 1478 809 1511 convocato
842 1463 965 1513 Clero
985 1496 1000 1517 ,
1036 1461 1097 1510 ad

117 1534 369 1596 martyrium
392 1533 492 1599 filos
516 1532 793 1588 hortabatur,
831 1537 879 1580 in
908 1532 1090 1599 cryptis:-

117 1618 193 1665 que
221 1599 475 1667 Martyrum
500 1605 653 1670 cffdue
671 1600 834 1670 Msjffizs
863 1606 917 1652 (J
935 1605 1089 1654 Conci-

115 1671 180 1718 lia
212 1669 475 1721 celebrabat:
515 1677 569 1722 εἶν’
589 1691 679 1721 cum
707 1674 765 1720 ad
779 1671 952 1721 Martis
979 1689 1086 1720 tem-

106 1741 227 1804 plum
242 1775 257 1798 ,
296 1757 342 1789 ut
362 1743 629 1811 justificaret
642 1777 657 1798 ,
685 1738 1055 1809 adduii‘usfitiffit
1072 1776 1088 1797 ,

109 1826 342 1860 terraemotu
358 1817 523 1869 oborto,
555 1810 747 1861 omnibus
767 1809 1086 1879 aufugientibus

108 1884 184 1946 qui
212 1881 474 1946 Stephanum
511 1883 713 1932 tenebant
739 1916 754 1937 ,
789 1877 999 1945 Pontifex
1029 1881 1090 1929 ad

97 1952 201 2019 fiaos
227 1956 471 2012 revertitur
497 1956 545 1999 in
564 1954 855 2005 Coemeterium
881 1947 1051 1999 Lucinae
1065 1986 1082 2007 ‚

106 2039 209 2088 quos
239 2022 422 2072 divinis
453 2029 670 2088 praeceptis
705 2022 963 2076 instruens,
998 2021 1081 2071 Sa-

106 2106 317 2138 cramenta
333 2098 514 2155 corporis
530 2094 706 2144 Christi
721 2094 1076 2152 communicavit3

105 2159 249 2227 ibique
272 2161 372 2208 dum
391 2161 627 2230 Miffizrum
633 2165 845 2231 solemnia
865 2163 1041 2229 perficit
1056 2197 1072 2218 ,

104 2230 444 2280 advenientibus
460 2237 613 2282 iterum
629 2233 930 2298 Imperatorum
935 2231 1073 2296 sutel-

103 2301 256 2350 litibus
271 2336 287 2360 ,
315 2306 356 2350 ei
373 2306 421 2350 in
425 2304 508 2369 fiio
515 2305 620 2372 sede
636 2317 757 2367 caput
772 2300 1040 2369 abscinditur
1057 2337 1069 2347 .

174 2369 329 2418 Aliud
347 2407 362 2430 ,
387 2374 437 2423 &
467 2373 591 2422 haud
623 2370 835 2421 absimile
864 2367 1071 2438 suggerit

99 2437 233 2487 nobis
269 2443 544 2508 Cyprianus
577 2445 621 2491 in
658 2440 864 2510 Epistola
894 2445 974 2489 82.
1011 2440 1069 2489 ad

97 2504 361 2558 Succeffum
381 2522 396 2560 ε’
424 2513 519 2564 ‘Ubi
544 2511 746 2580 Xyffum
773 2512 994 2576 (inquit)
1021 2515 1070 2560 in

97 2581 341 2630 Coemeterio
366 2583 720 2651 animadversum
737 2583 896 2651 sciatis
913 2615 930 2637 ,
956 2581 1069 2630 obia-

95 2670 158 2698 'vo
180 2649 331 2699 Iduum
362 2653 657 2721 Augustarum
675 2656 746 2704 die
763 2688 780 2710 ,
807 2656 861 2702 Θ
884 2669 977 2699 cum
1003 2671 1066 2699 eo-

95 2719 189 2767 dem
206 2720 431 2795 Qartum
447 2759 459 2769 .
495 2723 588 2774 Sed
598 2728 651 2774 ΕΤ
666 2725 763 2774 huic
783 2723 1068 2790 persecutioni

94 2791 285 2852 quotidie
300 2793 512 2861 instft'unt
533 2792 731 2861 Praefeh'li
754 2792 894 2845 Urbis
910 2827 921 2838 .

165 2861 384 2929 Plerique
415 2865 531 2913 vero
561 2865 773 2920 Fideles,
803 2862 1063 2913 Fidelium·

92 2945 181 3005 que
201 2932 427 2981 Re&0res
444 2969 459 2991 ,
489 2931 669 2983 consilii
692 2934 938 2982 Dominici
964 2950 1060 2982 non
1120 2955 1124 2959 ·

91 3014 420 3060 lmmemores,
449 3005 624 3054 Matth.
644 3023 746 3073 cap.
769 3023 843 3052 10.
860 3019 883 3050 2
896 3019 938 3062 3.
952 3007 1062 3056 Cum

91 3082 227 3119 autem
237 3074 536 3143 persequentur
559 3094 642 3123 vos
662 3079 710 3127 in
734 3078 925 3124 civitate
939 3077 1032 3125 isla
1043 3110 1058 3132 ‚

77 3134 227 3207 figite
243 3147 290 3191 in
303 3146 437 3192 aliam
452 3178 468 3200 ,
487 3144 577 3191 huc
597 3144 710 3194 illuc
728 3143 1055 3201 excurrebant,

92 3222 144 3256 ut
169 3211 333 3278 impias
352 3229 520 3264 manus
537 3215 821 3274 evaderent,
848 3215 985 3284 seque
1004 3216 1055 3263 in

1170 412 1230 460 ad.
1259 430 1359 478 quae
1390 410 1485 463 sine
1520 413 1648 461 certo
1681 413 1790 459 vitae
1825 409 2133 465 descrimine,

1168 478 1364 531 accessus
1379 499 1471 529 non
1486 479 1773 538 habebatur,
1787 480 1895 530 cum
1913 481 2007 529 haec
2023 498 2134 549 prae-

1164 552 1300 618 cipue
1333 549 1389 598 ab
1424 549 1797 619 Imperatoribus
1826 549 2132 618 prohiberen-

1164 635 1242 667 tur
1255 656 1271 679 ‚
1302 633 1354 667 ut
1370 623 1525 668 innuit
1543 623 1796 670 Cornelius
1812 622 1934 690 Papa
1954 622 2004 669 in
2020 622 2131 688 Epi-

1162 689 1276 740 stola
1302 690 1505 755 quadam
1537 691 1598 739 ad
1626 691 1881 757 Lupicinum
1915 694 2122 743 Viennen.

1160 758 1220 808 de
1242 757 1566 827 persecutione
1588 763 1835 811 Valeriani
1868 759 1939 818 (fi
1969 774 2128 811 tamen

1159 830 1396 879 Blondclli
1429 827 1553 878 crisis
1586 828 1804 899 Epistolae
1840 832 1950 878 huic
1982 829 2126 881 fidem

1157 917 1250 947 non
1269 899 1550 967 abrogavit)
1569 899 1650 949 ubi
1669 901 1785 949 haec:
1815 901 2018 958 Publice,
2050 920 2124 950 ne·

1154 974 1230 1037 que
1258 975 1305 1018 in
1322 972 1496 1037 Cryptis
1522 971 1786 1030 notioribus,
1817 970 1980 1040 Mffts
2001 988 2122 1038 agere

1152 1042 1427 1091 Chrift‘ianis
1453 1042 1614 1110 licuiffi’
1634 1079 1644 1089 .

1222 1113 1325 1158 Nec
1347 1125 1508 1167 tamen
1532 1113 1724 1161 irritum
1755 1110 2008 1179 aliquando
2030 1114 2117 1163 in,

1150 1179 1245 1228 haec
1274 1181 1378 1228 loca
1409 1181 1690 1248 confugium
1726 1195 1860 1241 erat3
1895 1198 2006 1229 nam
2068 1202 2119 1233 er

1150 1249 1497 1299 inextricabiles
1517 1251 1924 1299 Coemeteriorum
1952 1269 2027 1300 am
2063 1272 2112 1300 a-

1181 1338 1225 1367 es
1250 1318 1504 1370 errabundi
1532 1320 1708 1371 Christi
1735 1319 1917 1369 Fideles
1939 1319 2114 1370 instan-

1146 1392 1213 1438 tia
1250 1387 1342 1437 fata
1379 1386 1638 1439 eludebant
1663 1425 1680 1447 ,
1724 1390 1803 1439 vel
1841 1389 2115 1456 aliquandiu

1146 1455 1454 1510 differebant.
1494 1462 1615 1527 Qis
1646 1461 1776 1509 enim
1800 1477 1877 1508 eos
1905 1457 2117 1527 inseque-

1143 1544 1273 1580 retur
1304 1548 1385 1599 per
1416 1531 1658 1579 cuniculos
1691 1544 1790 1578 tam
1822 1531 2116 1598 implicitos,

1142 1615 1196 1650 ut
1215 1599 1549 1666 labyrinthum
1568 1602 1930 1661 aemulareiitur3
1945 1619 1997 1649 ac
2015 1614 2114 1649 tam

1141 1671 1292 1720 vastos
1309 1672 1359 1720 &
1378 1672 1558 1735 amplos
1575 1705 1591 1726 ,
1620 1683 1674 1717 ut
1697 1669 1754 1718 ab
1774 1670 1909 1723 Urbe
1932 1670 1990 1719 ad
2011 1689 2113 1719 ma-

1142 1757 1189 1787 re
1207 1739 1349 1804 usqtie
1369 1739 1586 1806 protendi
1614 1738 1971 1788 existimentur?
1990 1742 2110 1808 Qae

1140 1808 1334 1875 quidem
1360 1807 1702 1875 trepidantium
1727 1807 2106 1861 Christianorum

1138 1876 1337 1927 latibula
1356 1878 1525 1925 Dionis
1543 1875 1808 1926 Historiam
1826 1881 1872 1926 in
1891 1893 2106 1929 mentem

1135 1961 1366 1998 revocant
1392 1983 1408 2004 ,
1444 1948 1526 2012 qui
1556 1944 1917 2015 Hierosolymae
1950 1949 2101 1998 vasta-

1134 2019 1316 2066 tionem
1355 2014 1438 2064 sub
1476 2015 1726 2064 Hadriano
1763 2017 1942 2068 Caesare
1982 2016 2103 2069 refe-

1131 2105 1232 2136 rens
1247 2124 1263 2146 ‚
1286 2088 1380 2134 haec
1407 2085 1657 2154 dejudaeis
1679 2087 1918 2136 vistorum
1945 2090 2033 2136 iras
2050 2092 2100 2141 ὃς

1127 2175 1255 2205 arma
1277 2152 1481 2224 effugere
1501 2153 1779 2205 conantibus
1803 2157 1989 2207 scribit:
2007 2162 2099 2209 Ar—

1126 2245 1194 2276 ma
1224 2231 1278 2278 Θ
1308 2228 1432 2275 caedes
1458 2226 1683 2276 Hadriani
1705 2224 1983 2292 Imperatoris
2011 2249 2097 2278 me·

1125 2315 1322 2355 tuentes,
1359 2298 1528 2346 auxilia
1547 2292 1775 2365 sumebant
1806 2303 1854 2346 in
1890 2308 2096 2352 cavernis

1112 2368 1406 2441 subterraneis
1425 2402 1440 2423 ,
1467 2368 1615 2435 specus
1619 2366 1840 2435 fodientes
1854 2405 1868 2424 ,
1887 2385 2009 2435 atque
2025 2392 2095 2422 cu-

1123 2441 1281 2487 niculis
1298 2443 1439 2486 omnia
1456 2441 1692 2487 munientes
1708 2459 1721 2497 ;
1745 2456 1792 2487 ut
1809 2443 1970 2506 quoties
1986 2448 2088 2491 vio-

1123 2513 1313 2562 larentur
1328 2544 1344 2566 ,
1368 2508 1522 2558 liberos
1536 2507 1739 2556 haberent
1766 2506 1978 2576 adfligam
1997 2518 2090 2561 exi·

1123 2597 1192 2629 tus
1221 2600 1232 2628 2
1268 2585 1464 2629 invicem
1481 2572 1632 2648 quoque
1645 2579 1728 2646 fhb
1743 2595 1902 2628 terram
1922 2582 2088 2631 clancu-

1122 2653 1211 2700 lum
1244 2667 1468 2698 commeare
1492 2688 1508 2709 ,
1532 2651 1682 2716 specus
1713 2653 1768 2700 (δ’
1787 2648 2087 2717 subterraneas

1122 2726 1229 2770 'vias
1243 2721 1425 2788 superne
1447 2720 1689 2788 quibusdam
1716 2722 1819 2769 locis
1835 2722 2054 2771 inhiantes
2069 2758 2086 2780 ,

1119 2792 1178 2839 ad
1203 2807 1359 2840 ‘ventos
1386 2792 1440 2839 ἐν
1464 2795 1595 2841 lucem
1621 2790 1917 2856 excipiendam
1934 2792 2081 2863 perfi-

1112 2878 1259 2910 rantes
1275 2896 1286 2906 .

1194 2925 1379 2979 Verum
1412 2930 1523 2979 licet
1549 2930 1618 2980 his
1646 2928 1837 2982 latebris
1869 2931 2076 2996 aliquan-

1111 2999 1195 3049 diu
1216 2998 1469 3049 Christiani
1486 3014 1692 3050 mortem
1713 2996 1985 3057 differrent,
2004 3012 2077 3046 ut-

1111 3067 1375 3139 plurimum
1395 3082 1556 3120 tamen
1575 3089 1670 3120 non
1688 3069 1947 3124 evitabant,
1963 3085 2072 3114 nam

1107 3144 1187 3191 vel
1226 3138 1534 3190 inclementia*
1569 3143 1618 3197 δε
1655 3139 1900 3208 asperitate
1937 3137 2070 3186 loco-

1105 3229 1213 3261 rum
1229 3246 1245 3270 ,
1267 3211 1345 3260 vel
1367 3209 1581 3260 diuturni
1596 3211 1764 3260 erroris
1783 3202 2068 3322 laffittfidine,

1929 3292 2032 3324 ame
2046 3312 2065 3335 ,
