2425 3747
736 264 1245 323 CAPUT

73 376 77 384 ι
147 340 544 415 Diligentiffimus
571 339 877 406 antiquarum
910 337 1050 385 histo-

76 418 258 465 riarum
274 414 522 482 indagator
537 411 763 459 Baronius
780 412 828 458 in
855 430 877 457 a
882 426 1048 477 ppara-

79 500 133 535 tu
155 486 214 535 ad
231 485 440 535 Annales
454 477 799 530 Ecclefiasticos
818 500 862 527 n.
885 496 964 540 52.
996 497 1048 527 ac

78 560 126 604 in
149 553 417 605 Annalibus
444 550 505 599 ad
533 569 710 600 annum
729 570 808 613 57.
828 568 908 598 nu.
938 569 954 598 1
969 563 1048 606 23.

76 629 127 678 &
151 625 270 694 seqq.
295 621 498 672 ostendit
525 635 770 680 veterem,
807 640 858 669 ac
887 619 1050 668 lauda-

79 696 225 746 bilem
240 711 441 751 morem,
456 694 537 759 qui
556 690 640 740 diu
656 694 704 740 in
720 688 923 741 Ecclesia
943 707 1048 758 per-

78 763 248 814 mansit
276 801 292 823 ,
342 777 397 812 ut
426 759 615 811 seorfim
654 765 680 812 a
715 765 830 811 viris
866 759 1052 811 feminae

79 837 394 885 convenirent
421 835 470 880 in
485 830 687 881 Ecclesia
701 871 716 891 ,
741 852 826 882 nec
846 849 941 881 non
957 826 1049 878 dis-

76 907 279 973 junc‘ftim
306 904 362 953 ab
379 904 480 950 aliis
505 904 714 971 virgines
731 917 914 953 orantes
944 916 1048 967 per-

78 976 286 1027 sisterent
303 1013 313 1021 .
523 975 528 980 “

149 1045 420 1096 Amalarius
434 1042 548 1091 vero
564 1041 911 1092 Ecclesiasticus
927 1041 1047 1088 Scri-

77 1131 185 1185 ptor
199 1152 214 1174 ,
245 1117 325 1181 qui
341 1114 511 1163 floruit
526 1115 572 1160 in
590 1113 826 1181 principio
846 1113 957 1160 noni
974 1107 1051 1157 sae-

74 1189 201 1243 culi,
238 1187 286 1232 in
311 1183 391 1232 suo
420 1183 653 1240 tractatu,
690 1199 832 1248 quem
860 1181 1052 1247 reliquit

74 1260 145 1309 De
158 1256 471 1325 Ecclefiaflicis
484 1254 634 1321 qfficiis
648 1253 696 1299 li.
708 1267 731 1309 3
742 1269 891 1318 .cap.2
902 1288 912 1297 .
927 1251 1045 1298 hanc

74 1326 358 1378 feminarum
384 1325 538 1374 avitis
565 1324 613 1370 in
646 1319 863 1370 Ecclefiis
888 1319 1044 1389 segre-

74 1399 318 1465 gationem
345 1391 406 1443 fic
435 1391 661 1443 describit
687 1429 697 1439 .
749 1391 803 1441 In
828 1411 1046 1442 conventu

73 1466 368 1536 'Ecclcfiaft'ico
382 1465 570 1534 fhorfitm
598 1465 771 1532 mastali
800 1498 815 1520 ,
852 1467 907 1514 (9⁴
921 1466 1041 1533 seor-

61 1540 161 1607 sum
185 1535 363 1604 fiminae
400 1537 524 1585 §lanc
552 1571 567 1593 ,
613 1534 725 1602 quod
753 1539 984 1600 accepimus
1016 1541 1042 1584 ὰ

73 1612 220 1658 veteri
236 1607 533 1675 consuetudine
546 1609 636 1655 &a
653 1607 704 1656 δε
724 1605 871 1654 infra:
911 1603 1040 1674 Mas-

74 1680 160 1727 culi
173 1679 299 1727 flant
328 1682 376 1726 in
393 1677 601 1726 Australi
614 1691 739 1742 parte
752 1712 767 1733 ,
804 1672 1045 1742 &ftminae

73 1753 124 1797 in
140 1749 314 1798 Boreali
325 1782 340 1804 ‚
365 1763 413 1795 ut
428 1746 679 1797 offendatur
690 1760 769 1811 per
773 1743 1044 1814 firciorenn..

63 1819 221 1888 flexum
244 1821 468 1887 firmiores
489 1817 665 1885 similos
690 1817 859 1882 semper
882 1817 1044 1865 confli-

75 1892 142 1936 tut‘
190 1893 239 1935 in
289 1886 518 1950 majoribus
567 1885 879 1934 tentationibus
925 1888 1049 1934 aefius

73 1959 202 2022 hujus
228 1957 407 2016 mundi3
432 1960 486 2006 (9⁴
509 1970 587 2022 per
596 1954 879 2024 fragiliorem
894 1956 1051 2023 fixum

75 2030 332 2096 infirmiores
358 2027 535 2096 fhnc‘los
567 2062 577 2072 .
632 2028 721 2075 Pro
744 2027 930 2088 ·majori
979 2024 1050 2073 di-

73 2098 264 2147 {torum
292 2094 515 2145 firmitate
537 2094 756 2144 addimus
781 2094 1050 2164 inscriptio-

78 2185 187 2217 nem
206 2203 222 2225 ,
260 2168 309 2214 in
335 2167 529 2232 antiqua
555 2164 749 2214 Bafilica
774 2169 1051 2216 Vaticana,

75 2240 196 2287 olim
213 2235 517 2296 existentem,
534 2254 678 2303 quam
691 2234 833 2285 refert
851 2239 1048 2304 praelau-

77 2309 213 2358 datus
229 2308 462 2355 -Baronius
477 2328 492 2367 3
520 2325 571 2353 ac
599 2309 860 2355 Severanus
894 2308 941 2353 in
958 2306 1049 2356 suis

76 2378 453 2447 Memoriisfizcris
471 2379 636 2446 fhPtem
656 2377 934 2446 Ecclefiarum
952 2377 1046 2429 Ur-

75 2451 144 2499 bis
171 2445 390 2497 asservari
419 2446 571 2496 asserit
595 2449 645 2494 in
675 2448 894 2496 Archivo
922 2446 1044 2511 ejus-

78 2521 189 2569 dem
209 2515 414 2567 Bafilicae
436 2554 447 2564 .
479 2519 642 2567 Tenor
673 2519 799 2567 illius
816 2517 880 2568 est
896 2553 907 2564 .

147 3076 259 3124 Mos
274 3073 356 3125 iste
379 3077 527 3126 etiam
547 3074 800 3127 deducitur
813 3096 873 3128 ex
887 3082 1050 3129 Ponti-

80 3139 205 3189 ficali
220 3142 345 3195 libro
361 3148 409 3194 in
426 3147 708 3213 Symmachi
721 3151 840 3208 vita,
855 3157 929 3219 qui
929 3150 1047 3219 ficit

81 3213 326 3264 oratorium
352 3218 400 3267 S.
429 3220 578 3269 Crucis
612 3223 638 3268 ἆ
662 3231 789 3284 parte
822 3227 1046 3272 virorum:

79 3284 130 3337 ὃς
149 3284 196 3331 in
213 3285 314 3333 vita
335 3288 486 3354 Sergii
510 3292 549 3338 Ι.
578 3289 666 3341 Hic
673 3288 790 3359 ficit
813 3296 1050 3362 imaginem

1345 263 1417 317 Π.
2005 281 2041 316 ¹·1
2056 289 2079 330 5

1104 355 1273 389 auream
1308 338 1365 389 B.
1398 337 1526 388 Petri
1553 335 1760 401 Apo-(loli
1778 370 1793 391 ,
1831 352 1915 402 quae
1940 340 2007 388 ess
2034 345 2083 389 iu

1094 425 1223 476 parte
1246 410 1472 456 mulierum
1499 427 1508 454 :
1549 408 1599 455 ὃς
1626 408 1674 452 in
1707 408 1945 475 Gregorio
1982 413 2075 459 III.

1102 482 1189 532 Hic
1214 476 1331 545 fecit:
1372 478 1625 527 Oratorium
1662 481 1782 525 iutra
1809 478 2077 547 Bastlicarm.

1102 553 1150 602 S.
1179 550 1340 604 Petri,
1361 552 1504 613 juxta
1528 566 1668 598 arcum
1695 549 1996 615 triumphalem
2024 556 2074 599 in

1097 636 1220 688 parte
1236 637 1436 669 ‘vmtrum
1457 653 1468 663 .

1173 691 1287 737 Non
1304 685 1458 736 solum
1478 687 1525 733 in
1543 702 1900 755 praememorata
1917 691 2079 740 Eccle-

1104 757 1168 807 fia
1189 761 1233 806 S.
1251 759 1518 808 Clementis
1547 759 1666 805 hanc
1685 759 1903 806 Navium
1925 759 2078 828 dispa-

1104 831 1297 877 ritatem
1325 825 1714 884 observavimus,
1740 826 1908 877 verum
1932 833 2078 882 etiam

1103 902 1151 946 in
1169 896 1376 948 Ecclesia
1401 901 1443 946 S.
1461 896 1711 946 Anastafiae
1728 933 1744 954 ,
1782 916 1882 964 quae
1909 901 2078 951 itidem

1103 966 1421 1035 antiquiffima
1459 967 1524 1016 est
1546 1004 1562 1027 ,
1614 967 1696 1015 ubi
1733 970 1885 1016 Navis
1924 974 2079 1020 Meri-

1102 1039 1232 1088 diem
1257 1038 1510 1106 respiciens
1530 1038 1594 1085 est
1612 1039 1882 1104 palmorum
1907 1050 1983 1089 16.
2012 1045 2078 1090 al-

1104 1124 1205 1158 tera
1224 1106 1342 1157 vero
1371 1107 1429 1155 ad
1452 1109 1653 1155 Boream
1670 1124 1866 1174 vergens
1893 1113 2077 1174 palmo-

1104 1198 1214 1228 rum
1236 1197 1318 1226 22.

1172 1248 1321 1298 Hisce
1336 1265 1420 1296 nos
1440 1266 1533 1295 non
1550 1248 1763 1294 contenti
1783 1246 2077 1299 observatio-

1099 1318 1237 1368 nibus
1253 1356 1268 1377 ,
1286 1333 1419 1368 extra
1438 1316 1627 1370 Urbem
1642 1319 1857 1366 animum
1875 1319 2077 1368 adduxi-

1096 1408 1232 1448 mus,
1271 1409 1328 1437 an
1359 1391 1406 1436 in
1444 1389 1547 1435 aliis
1579 1387 1874 1437 Civitatibus
1903 1391 2073 1440 eadem

1094 1460 1249 1510 forma
1264 1457 1515 1509 observata
1530 1454 1985 1528 fuerit,percepturi.
2006 1464 2079 1510 Ex

1095 1532 1347 1597 colloquiis
1363 1530 1538 1598 igitur,
1567 1546 1667 1594 quae
1687 1547 1799 1576 cum
1816 1533 1969 1580 amico
1997 1551 2081 1581 no-

1095 1603 1186 1651 stro
1202 1600 1412 1670 Gaspare
1428 1600 1505 1648 del
1526 1601 1679 1647 Torto
1695 1634 1710 1656 ,
1731 1600 1929 1650 Patritio
1951 1601 2076 1651 Pisa-

1098 1670 1650 1738 rum‚saCsiqueRomani
1669 1673 1870 1738 Imperii
1890 1672 2079 1734 Nobili,

1098 1742 1377 1798 habuimus,
1403 1740 1654 1788 nonnullas
1681 1742 1728 1786 in
1747 1740 1914 1789 eadem
1939 1745 2078 1793 Civi-

1100 1829 1197 1862 tate
1226 1812 1383 1861 adhuc.
1407 1824 1568 1858 extare
1586 1808 1816 1858 Ecclesias
1837 1811 2079 1862 intellexi-

1104 1902 1207 1931 mus
1224 1918 1239 1939 ,
1277 1900 1376 1948 quae
1393 1896 1618 1948 magnam
1635 1879 1919 1928 redolebant
1941 1898 2077 1932 vetu—

1106 1954 1270 2002 statem
1287 1974 1302 2012 3
1318 1951 1520 2016 ideoque
1541 1951 1681 1996 illum
1700 1952 1974 2016 rogavimus
1990 1988 2005 2009 ,
2026 1968 2078 2000 ut

1105 2022 1366 2074 earundem
1381 2017 1698 2070 Ecclefiarum
1714 2021 2080 2090 Ichnographias

1104 2094 1164 2143 ad
1205 2112 1289 2142 nos
1332 2089 1590 2140 transmitti
1631 2104 1818 2139 curaret
1844 2127 1854 2137 .
1897 2093 2080 2143 Nostrae

1103 2166 1214 2214 huic
1252 2163 1475 2232 petitioni
1512 2158 1818 2209 libentiffim3
1852 2162 2078 2223 indulsit,

1103 2234 1213 2284 cum
1243 2252 1388 2302 pauca
1415 2247 1643 2299 temporis
1673 2232 1977 2298 intercapedo
2009 2235 2080 2281 in-

1102 2301 1387 2361 tercesserit,
1426 2304 1539 2370 quin
1560 2301 1694 2349 nobis
1720 2303 1969 2350 nonnullas
2000 2322 2077 2352 ea-

1103 2376 1306 2425 rundem
1346 2370 1666 2422 Ecclesiarum
1713 2372 2081 2439 Ichnographias

1099 2445 1350 2497 tradiderit
1365 2479 1381 2501 ,
1406 2459 1607 2510 quarum
1626 2455 1848 2490 contenta
1869 2443 2080 2493 breviter

1100 2515 1375 2571 referimus,
1392 2512 1588 2562 redufffi
1606 2511 1768 2563 Pisana
1782 2509 2001 2561 mensurz'i
2021 2515 2079 2563 ad

1105 2593 1377 2638 Romanam
1399 2621 1409 2631 .

1153 2656 1428 2705 Primitialis
1442 2652 1649 2703 Ecclesia
1666 2656 1713 2700 in
1732 2653 1847 2702 eade
1865 2656 2079 2703 Civitate

1033 2760 1051 2766 -
1103 2724 1414 2777 vetustiffima
1427 2726 1579 2774 adhuc
1594 2721 1883 2790 vifitur,quae
1897 2725 1944 2771 in
1959 2722 2081 2771 sum-

1035 2809 1052 2866 :
1104 2800 1272 2847 mirate
1289 2796 1349 2845 ad
1369 2798 1537 2845 Crucis
1551 2793 1758 2843 formam
1786 2793 2048 2843 constru&a
2063 2831 2080 2852 ,

1035 2910 1053 2916 -
1105 2889 1156 2918 ac
1177 2870 1386 2935 quinque
1400 2866 1614 2937 distinsta
1634 2863 1852 2913 Navibus
1869 2864 1935 2914 est
1951 2902 1960 2911 .
1980 2866 2080 2913 Illae

1102 2958 1202 3007 quae
1219 2939 1580 3007 propinquiores
1607 2953 1747 2984 muro
1763 2933 1897 2993 sunt,
1925 2932 2079 3001 fingu-

1104 3011 1158 3059 lae
1190 3008 1364 3058 habent
1399 3009 1644 3056 columnas
1681 3005 2043 3073 quatuordecim
2063 3023 2077 3061 3

1101 3082 1200 3128 aliae
1213 3080 1331 3129 vero
1344 3077 1446 3127 duae
1457 3083 1590 3144 juxta
1605 3077 1874 3126 medianam
1893 3078 1968 3120 Na
1977 3077 2077 3119 vim

1100 3150 1275 3199 habent
1290 3149 1535 3198 columnas
1556 3146 1812 3197 duodecim
1831 3160 1940 3189 cum
1960 3142 2076 3191 dua-

1101 3220 1184 3269 bus
1204 3219 1470 3289 parastat1s3
1497 3221 1546 3266 in
1576 3212 1801 3266 trasversa
1838 3211 1953 3261 vero
1973 3216 2073 3260 Na-

1099 3293 1180 3348 vi,
1207 3309 1309 3358 quae
1336 3288 1397 3338 ad
1412 3280 1738 3337 summitatem
1756 3280 2073 3397 Bafilicaesest,

1989 3365 2076 3398 unt
