2425 3747
130 347 270 399 Prisci
292 345 472 396 etenim
490 337 830 391 Christifideles
857 340 902 385 in
919 336 1027 384 aedi-

61 419 178 471 ficiis
193 413 510 468 construendis
523 411 797 459 Gentilium
822 410 1029 455 imitato-

62 510 162 548 res,
194 488 252 536 ad
276 502 443 536 eorum
467 480 832 529 similitudinem
864 477 1028 525 sacrau-

60 560 243 627 templa
278 552 522 623 erigebant
549 586 565 608 ,
613 552 692 599 vel
734 547 790 596 ab
821 549 1031 596 Ethnicis

63 638 160 696 jam
186 627 370 681 erecta,
395 621 452 670 ab
482 623 615 671 omni
644 616 846 688 profanae
871 615 1031 686 super-

59 698 264 750 stitionis
281 694 386 744 labe
406 694 595 760 expiata
610 727 627 748 ,
656 690 845 738 divinos
866 691 912 736 in
930 686 1034 735 usus

54 766 318 837 aptabant,
347 778 401 813 ut
422 764 578 810 innuit
594 757 835 808 Ausonius
862 761 909 806 in
930 776 1033 826 gra-

63 842 240 888 tiarum
269 837 452 886 aetione
475 849 557 899 pro
587 828 880 879 Consulatu:
911 828 1032 897 Bast-

64 915 153 962 licae
168 910 272 957 olim
301 908 482 973 negotiis
493 905 627 967 plenae
645 937 658 958 ‚
696 920 803 950 nunc
823 905 945 949 votis
955 913 1035 964 pro

64 997 139 1031 tua
154 980 296 1048 fillute
319 977 529 1044 susceptis
550 1009 560 1019 .
601 973 661 1019 Et
689 970 895 1020 Ifidorus
930 970 1035 1018 Ori-

59 1058 212 1121 ginum
240 1044 322 1093 lib.
361 1061 404 1105 5.
443 1042 635 1112 Bastlicae
664 1047 790 1107 prit‘ts
818 1038 1035 1089 vocaban-

65 1139 136 1170 tur
174 1118 340 1184 Regum
388 1115 628 1163 habitacula
653 1148 668 1169 ,
712 1130 820 1160 nunc
862 1125 1034 1159 autemd

56 1191 160 1241 ide&
190 1185 381 1254 Bastlicae
408 1187 592 1235 Divina
621 1185 777 1247 templa
814 1185 1035 1231 nominan-

65 1279 166 1315 tur,
200 1261 299 1325 quia
328 1255 393 1303 ibi
420 1256 536 1321 Regi
558 1257 743 1300 omnium
758 1252 850 1301 Deo
876 1253 1038 1306 cultus,

60 1328 345 1398 &sacrificia
358 1325 591 1395 offeruntur
603 1360 613 1369 .

136 1394 412 1464 Sup1·adi‹fta
427 1393 818 1443 Architefflmnica
834 1408 1037 1459 praecep-

64 1485 113 1517 ta
128 1466 375 1516 observata
404 1465 831 1512 animadvertimus
849 1465 897 1510 in
914 1458 1038 1508 Bali-

58 1541 156 1589 -lica
178 1531 414 1584 Siciniana
443 1532 499 1581 ab
517 1535 728 1582 Ethnicis
743 1530 1008 1581 constructa
1026 1565 1042 1586 ‚

62 1620 119 1657 ac'
136 1609 281 1657 etiam
299 1607 344 1652 in
364 1606 465 1652 aliis
480 1603 860 1654 Christianorum
879 1601 1040 1650 Baffli-

67 1680 152 1735 cis,
171 1677 339 1742 nempe
357 1671 631 1732 Sessorianz'i,
650 1676 852 1731 S.Pauli,
870 1674 1040 1721 §.Lau-

64 1748 211 1797 rentii
229 1748 275 1793 in
292 1748 426 1812 Agro
443 1746 709 1801 Verano,&
725 1746 845 1802 aliis,
860 1744 919 1792 de
936 1744 1042 1808 qui-

68 1818 157 1866 bus
178 1813 299 1865 infra
315 1851 326 1861 .
807 1838 812 1843 ,

145 1889 222 1941 Ut
237 1901 397 1935 autern
425 1905 524 1952 quae
551 1889 850 1933 narravimus
877 1885 1043 1932 clario-

69 1976 120 2005 ra
155 1955 275 2015 sint,
313 1955 526 2019 ejusdem
563 1958 809 2004 Sicinianae
838 1951 1043 2002 Bafilicae

64 2027 466 2096 Ichnographiam
496 2063 512 2084 ,
547 2028 597 2076 &
627 2026 1042 2096 Ortographiam„

64 2095 152 2144 sub
169 2099 331 2146 oculos
347 2099 566 2163 ponimus
581 2133 596 2154 ,
629 2111 683 2145 ut
697 2100 745 2145 in
763 2096 1045 2165 superallata

67 2166 261 2215 Tabula
275 2171 314 2215 I.
332 2168 433 2233 Fig.
457 2182 498 2223 3.
519 2169 569 2216 ὃς
588 2186 635 2230 4.
790 2188 820 2192 ··
857 2183 860 2186 ·

139 2236 276 2287 Istius
291 2234 495 2284 Bafilicae
512 2236 845 2305 longitudo'est
861 2240 985 2306 pal.8
998 2254 1040 2298 5.

65 2306 274 2357 latitudo
291 2306 407 2354 vero
423 2318 457 2355 6
465 2323 507 2366 5.
523 2307 778 2366 diameter,
793 2307 890 2357 five
906 2310 1042 2356 chor·

69 2377 130 2426 da
150 2378 446 2441 hemicycli,
462 2378 540 2425 vel
565 2377 734 2426 absidis
756 2377 822 2427 est
849 2380 942 2447 pal.
961 2397 1042 2441 44.

66 2448 423 2507 semidiameter
459 2452 537 2496 28.
572 2446 799 2511 Ejusdem
834 2446 1005 2496 absidis
1030 2484 1046 2505 ,

65 2536 170 2584 quae
198 2519 270 2567 lit.
298 2520 360 2566 A.
401 2516 689 2578 denotatur,
727 2520 778 2569 ὃς
809 2518 1046 2574 retroacto

67 2606 192 2636 anno
225 2588 382 2636 diruta
413 2585 507 2636 fuit
533 2624 550 2645 ,
592 2607 672 2653 24.
708 2588 920 2639 Porticus
944 2590 1046 2638 lon-

68 2658 240 2726 gitudo
255 2662 337 2707 68.
359 2659 565 2707 latitudo
588 2675 668 2717 23.
702 2659 822 2709 Tres
849 2663 896 2707 in
924 2678 1043 2727 quo-

67 2727 190 2778 libet
215 2729 360 2778 latere
388 2727 530 2778 habet
554 2727 800 2780 fenestras:
838 2727 1045 2800 singula-

68 2815 178 2846 rum
193 2798 398 2847 latitudo
424 2801 515 2867 pal.
538 2817 614 2860 15.
645 2801 853 2849 altitudo
870 2799 1044 2867 sesqui-

71 2870 243 2918 altera:
263 2883 354 2917 tres
373 2868 567 2918 istarum
583 2870 643 2918 ad
657 2872 922 2921 Meridiem
938 2890 1044 2921 ver-

74 2936 131 2987 sae
146 2975 163 2996 ,
188 2956 328 2988 muro
353 2937 515 2988 clausae
538 2938 673 2988 sunt.

160 3010 373 3058 Porticus
404 3010 724 3060 Occidentem
765 3011 1043 3080 hybernum

70 3076 340 3145 respiciens,
353 3094 557 3147 quatuor
570 3081 710 3132 habet
722 3088 884 3146 januas
898 3121 913 3142 ,
933 3102 1043 3150 qua-

0 3205 1 3209 *
71 3162 180 3194 rum
194 3152 323 3216 prior
336 3153 722 3219 Septentrionem
737 3152 899 3203 versus‘
909 3191 924 3212 ,
941 3156 1051 3202 aliis

73 3215 223 3265 tribus
249 3223 408 3270 minor
432 3221 499 3269 est
515 3258 525 3268 .
562 3226 618 3271 In
649 3242 704 3271 an
741 3225 830 3272 ulis
855 3225 1043 3291 quoque

66 3288 270 3356 geminae
297 3291 396 3341 aliae
425 3292 677 3360 patebant,
702 3243 1039 3347 sglcutiOrtho-

140 3359 244 3411 Par.
262 3360 297 3410 Ῑ-

1078 263 1125 317 U
1197 262 1244 315 T
1320 268 1323 269 ⁷
1346 258 1406 311 II
1645 265 1648 267 ’
2020 279 2053 317 9

1080 335 1274 405 graphia
1300 327 1590 383 demonstrat
1616 327 1663 374 in
1683 327 1807 376 dista
1828 326 2054 377 Tabula-2

1081 409 1181 472 Fig.
1199 424 1245 468 4.
1273 406 1421 469 Super
1448 400 1689 468 porticum
1716 400 1913 446 aderant
1941 417 2053 464 qua-

1080 491 1190 524 tuor
1215 472 1424 522 fenestrae
1439 507 1454 528 ,
1481 468 1710 537 superque
1742 469 1924 517 tecium
1944 486 2054 535 por-

1084 545 1200 594 ticus
1227 559 1318 592 tres
1347 579 1362 599 ‚
1400 558 1601 608 quarum
1637 539 1804 588 mediae
1834 541 2057 587 imminet

1083 613 1284 666 fenestra
1310 610 1586 661 orbicularis
1602 647 1612 657 .

1159 680 1414 734 Sefforiana
1441 695 1602 729 autem
1624 677 1820 728 Basilica
1850 682 1899 727 in
1928 683 2058 729 tria-2

1088 753 1439 809 deambulacra,
1455 749 1536 800 seu
1552 755 1713 799 Naves
1730 751 2034 818 distinguitur
2046 788 2061 809 ‚

1087 831 1205 879 utin
1222 823 1346 873 Tab.
1366 826 1456 871 IV.
1472 840 1571 888 quae
1587 819 1788 869 Basllicac
1806 826 2060 887 Icnnogra-

1084 901 1249 970 *phiam
1279 891 1569 942 demonstrat
1597 928 1607 938 .
1656 891 1929 940 Earundem
1962 895 2059 939 Na-

1089 973 1227 1020 vium
1241 963 1492 1033 longitudo
1522 965 1547 1011 ὲ
1566 961 1809 1012 liminibus
1838 961 1981 1029 usqtie
2004 962 2062 1010 ad

1089 1056 1251 1089 arcum
1281 1033 1621 1100 triumphalem
1649 1068 1664 1088 ,
1704 1030 1802 1081 five
1835 1034 2060 1080 Naxum-2

1089 1104 1434 1159 transversam,
1473 1100 1537 1150 est
1564 1102 1655 1168 pal.
1692 1121 1708 1147 1
1728 1108 1800 1151 18.
1833 1103 2065 1151 medianae

1089 1181 1242 1231 Navis
1276 1194 1358 1240 42.
1404 1173 1672 1221 lateralium
1709 1189 1789 1218 22.
1826 1170 2065 1220 trasversae

1091 1247 1341 1317 longitudo
1363 1249 1443 1294 86.
1468 1242 1672 1290 latitudo
1696 1256 1775 1302 35.
1805 1241 1886 1289 Ad
1916 1243 2066 1310 ipsam

1092 1339 1175 1391 per
1195 1334 1285 1366 tres
1309 1314 1480 1384 gradus
1496 1310 1765 1360 ascenditur
1784 1348 1795 1358 .
1826 1315 1883 1360 In
1903 1312 2065 1361 medio

1093 1395 1262 1442 Altare
1277 1391 1428 1450 majus
1451 1379 1640 1450 assurgit
1655 1400 1766 1429 cum
1781 1381 1980 1431 Ciborio
1998 1384 2067 1428 in-

1093 1459 1348 1512 cumbente
1379 1468 1583 1522 quatuor
1608 1453 1959 1521 porphyreticis
1988 1471 2067 1500 co-

1094 1532 1295 1583 lumnis.
1334 1528 1503 1575 Literae
1530 1527 1592 1571 A.
1622 1525 1671 1573 ὃς
1702 1527 1751 1572 Β.
1792 1521 2069 1572 descensum

1095 1604 1155 1653 ad
1181 1599 1534 1650 subterraneam
1571 1593 1854 1661 Cappellam
1894 1593 2069 1641 Sanciae

1095 1675 1263 1725 Crucis
1288 1669 1547 1726 denotant3
1569 1665 1625 1714 dc
1642 1682 1732 1735 qua
1753 1661 1835 1713 suo
1853 1666 1957 1713 loco
1981 1661 2072 1712 dis-

1095 1746 1302 1794 seremus
1319 1778 1330 1788 .

1168 1811 1439 1863 Duodecim
1465 1825 1644 1876 magnae
1661 1807 1895 1854 columnae
1923 1808 1946 1854 e
1966 1809 2070 1854 Nu-

1096 1888 1277 1933 midico
1304 1896 1541 1929 marmore
1560 1882 1722 1926 Naves
1746 1876 2041 1943 distinguunt
2056 1911 2071 1932 ‚

1099 1974 1184 2024 pro
1225 1951 1440 2021 qualibet
1481 1963 1612 2016 parte
1656 1947 1734 1995 sex
1767 1982 1776 1991 .
1823 1949 2072 1995 Diameter

1098 2024 1267 2074 absidis
1305 2021 1370 2070 est
1415 2021 1558 2088 palm.
1593 2024 1677 2067 68.
1719 2016 2075 2066 semidiameter

1097 2098 1215 2147 vero
1236 2111 1315 2153 32.
1332 2094 1404 2140 Ex
1428 2087 1644 2157 quolibet
1672 2090 1817 2135 latere
1836 2089 2076 2153 quinque,

1097 2185 1291 2235 magnas
1318 2159 1539 2211 fenestras
1564 2158 1736 2215 habet,
1771 2172 1824 2204 ut
1856 2157 1978 2205 Tab.
2008 2162 2071 2207 V.

1097 2234 1482 2304 Orthographica
1500 2230 1679 2279 indicat
1693 2251 1708 2290 3
1731 2227 1877 2277 &sub
1892 2226 2075 2276 eisdem

1097 2308 1305 2358 totidem
1331 2303 1440 2351 sunt
1456 2320 1585 2350 arcus
1615 2297 1806 2348 latitud.
1826 2300 1973 2365 palm.
1993 2317 2074 2347 20.

1097 2378 1286 2427 altitud.
1315 2374 1433 2425 vero
1465 2368 1707 2439 duplicata
1736 2370 2043 2436 proportione
2065 2405 2075 2415 .

1098 2447 1426 2498 Fenestrarum
1445 2443 1612 2492 eadem
1631 2438 1696 2489 est
1712 2440 1919 2487 latitudo
1933 2474 1949 2496 ‚
1967 2440 2074 2486 alti-

1098 2520 1217 2568 tudo
1247 2515 1548 2584 sesquialtera
1565 2549 1576 2558 .
1625 2511 1850 2559 Lateralis
1877 2507 2077 2558 fenestra

1099 2590 1242 2658 prope
1259 2585 1469 2636 abfidam
1481 2621 1497 2643 ,
1523 2601 1624 2651 quae
1642 2584 1843 2630 Boream
1860 2578 2078 2647 respicit,

1099 2658 1319 2709 bifariam
1341 2655 1578 2706 dividitur
1594 2655 1619 2701 ἐι
1635 2655 1857 2701 columna
1874 2668 2079 2698 marmo-

1099 2749 1177 2780 rea
1193 2767 1208 2789 ,
1239 2730 1332 2796 quai
1357 2724 1688 2775 intersecatur.
1726 2723 1940 2788 Reliquae
1959 2721 2077 2769 vero

1098 2816 1192 2851 tres
1206 2817 1346 2848 muro
1360 2796 1576 2847 obdustae
1589 2789 1834 2850 sunt‚five‚
1848 2806 1903 2840 ut
1920 2789 2079 2839 verius

1096 2873 1255 2921 dicam
1271 2906 1286 2927 ‚
1311 2868 1582 2922 coaretatae,
1609 2861 1777 2912 revera
1804 2865 1933 2912 enim
1949 2876 2078 2910 totus

1094 2940 1302 2992 fenestrae
1322 2940 1475 2986 hiatus
1492 2936 1713 3005 oppletus
1731 2952 1826 2981 non
1845 2933 1966 2989 fuit,
1996 2929 2075 2978 sed

1097 3012 1284 3082 ingestis
1305 3010 1414 3057 hinc
1437 3008 1546 3057 inde
1564 3003 1819 3062 lateribus,
1846 3014 2092 3050 tantum-2*

1096 3081 1233 3152 spatii
1264 3081 1486 3130 relictum
1517 3077 1582 3127 est
1601 3113 1616 3134 ,
1644 3090 1698 3123 ut
1724 3077 1770 3122 in
1792 3070 2077 3120 altitudine-2

1099 3155 1266 3222 palmis
1294 3153 1721 3219 vigintiquatuor,
1746 3147 1792 3190 in
1819 3141 2074 3190 latitudine

1096 3223 1213 3273 vero
1249 3221 1399 3272 tribus
1425 3213 1763 3268 tantummodo
1795 3225 1980 3279 pateat.
2016 3215 2075 3259 In

1091 3307 1259 3363 quarta
1307 3286 1646 3401 solummodoB
1661 3281 1859 3332 fenestra
1909 3282 2067 3328 nullus

1630 3404 1638 3419 ;
1934 3368 2068 3419 aper-
