2425 3747
693 227 1424 292 CAPDTVII.

58 311 236 358 cultam
263 305 350 358 effe
380 302 611 377 fignificet
634 304 753 354 hanc
779 307 1033 366 virtutem,

51 378 148 448 quii
178 381 228 429 &
249 377 346 448 ipse
371 397 454 446 per
474 378 661 423 Lunam
680 376 928 426 Mundum
958 396 1031 428 re·-

54 466 190 519 parat
207 487 217 496 .
233 449 423 498 Tabula
437 448 530 494 haec
550 448 575 494 ὲ.
597 448 818 495 Minucio
841 444 901 495 fic
916 467 1029 497 con-

52 522 258 587 cipitur:
278 518 587 589 Istsperditum
602 517 766 567 Filium
781 537 872 568 cum
890 523 928 570 C
914 539 1028 587 yne-

51 593 224 657 cephalo
238 591 318 659 suo
334 625 348 646 ,
386 591 441 639 (Τ
461 591 608 637 calvis
630 589 932 639 Sacerdotibus
961 594 1027 640 lu·

51 678 154 731 get,
167 664 371 729 plangit,
401 663 618 727 inquirit3
645 662 702 708 &⁶
727 658 853 727 Isiaci
882 663 1029 728 miseri

50 731 216 779 caedunt
232 730 407 796 pestora
420 765 436 787 ,
465 734 520 781 (Ὺ
536 730 720 778 dolorem
736 730 1032 799 infilicffmae

52 800 229 853 Matris
255 804 513 850 imitantur.
556 798 675 850 Mox
703 805 888 850 invento
916 803 1027 853 Par-

51 873 162 920 vulo
188 872 347 940 gaudet
378 869 458 938 Ifis
476 907 491 927 ,
528 873 727 920 exultant
753 873 1030 929 Sacerdotes,

48 944 369 1006 Cynocephalus
383 946 596 990 inventor
609 944 849 1009 gloriatur:
870 961 941 992 nec
957 943 1030 991 de-

38 1014 153 1081 fimt
170 1017 298 1061 annis
313 1010 509 1060 omnibus
539 1016 626 1067 vel
630 1015 807 1078 perdere
836 1014 946 1082 quod
958 1017 1031 1062 in-

50 1087 247 1132 veniunt
260 1119 276 1140 ,
305 1084 390 1132 vel
404 1086 614 1132 invenire
633 1084 746 1150 quod
751 1085 945 1150 perdunt
966 1119 976 1129 .

125 1152 220 1200 Sub
254 1154 589 1220 Cynocephali
626 1155 820 1202 nomine
845 1191 860 1212 ,
900 1151 975 1201 hic
1008 1155 1034 1202 a

50 1225 277 1272 Minucio
308 1221 561 1290 descripti,
595 1225 664 1270 nil
684 1223 816 1272 aliud
851 1224 1033 1272 intelli-

49 1294 266 1363 gendum
286 1291 374 1342 effe
395 1307 617 1362 putamus
637 1329 653 1351 ,
688 1291 776 1341 nifi
800 1292 1031 1350 Anubin,

50 1370 184 1426 cujus
215 1361 359 1432 opera
386 1363 468 1413 Ifis
498 1365 694 1412 Horum
723 1363 944 1426 invenit3
982 1365 1032 1414 &

50 1436 162 1501 quia
181 1436 306 1482 canis
325 1432 494 1501 infigni
522 1431 630 1482 usus
648 1434 773 1492 fuit,
811 1435 924 1484 ideo
950 1433 1036 1483 sub

51 1506 178 1552 canis
206 1504 397 1573 aspectu
421 1505 477 1552 ab
495 1506 733 1574 AEgyptiis
756 1505 1007 1555 colebatur
1024 1543 1034 1553 .

54 1577 116 1622 Et
148 1575 237 1623 hoc
269 1573 439 1624 melius
466 1578 733 1644 percipitur
761 1595 820 1626 ex
851 1577 1037 1626 duobus

50 1646 145 1693 illis
165 1662 338 1692 canum
357 1645 590 1713 capitibus
604 1683 621 1704 ,
649 1650 697 1695 in
716 1650 1037 1697 extremitati-

54 1713 140 1763 bus
158 1713 320 1763 nostrae
341 1716 538 1765 Tabulae
563 1715 648 1764 sub
670 1722 883 1768 numeris
914 1735 956 1776 3.
985 1720 1036 1769 δε

55 1800 100 1843 3.
123 1785 480 1834 occurrentibus
496 1786 633 1854 supra
654 1788 894 1837 hermulas
907 1825 924 1846 ‚
953 1788 1036 1836 sci-

49 1856 163 1903 licet
205 1857 419 1904 tumulos
449 1859 764 1906 Mercuriales
793 1883 806 1908 :
846 1858 1037 1906 Anubis

50 1926 183 1972 enim
199 1925 325 1988 apud
340 1926 594 1987 AEgyptios
612 1924 744 1967 idem
760 1920 826 1969 est
840 1937 892 1966 ac
908 1921 1040 1968 Mera

52 1993 210 2041 curius
229 1990 354 2057 apud
376 1993 591 2049 Graecos3
629 1988 729 2035 imo
751 1992 830 2045 (ut
846 1991 914 2037 ait
929 1990 1038 2038 Plu·

50 2062 244 2111 tarchus
276 2061 345 2112 De
363 2058 476 2128 Ifide
489 2094 505 2115 ,
531 2063 587 2109 <J
605 2059 812 2128 Ostride)
845 2059 1035 2127 quando

52 2133 274 2201 suprema
320 2129 527 2178 ostendit
577 2128 767 2179 Anubis
813 2131 995 2180 dicitur
1023 2168 1039 2189 ,

49 2201 244 2272 quando
272 2197 455 2249 inferna
488 2200 816 2249 Hermanubis
851 2205 1037 2252 vocita-

54 2288 135 2322 tur
149 2310 160 2319 .
183 2269 371 2322 Verum
391 2267 425 2318 fi
445 2268 664 2338 pinguius
685 2271 867 2320 erudiri
889 2276 937 2322 in
955 2291 1038 2322 vo·

54 2347 115 2393 tis
127 2342 268 2391 habes
283 2378 299 2400 ,
331 2342 408 2390 adi
427 2342 716 2390 Kircherum
735 2379 751 2400 ,
779 2346 859 2409 qui
885 2345 1041 2392 multa

53 2417 104 2462 in
133 2415 251 2461 hanc
276 2431 376 2462 rem
400 2414 620 2480 congerit
639 2414 687 2460 in
703 2413 869 2479 Oedipo
889 2414 1040 2482 AE'gy-

45 2490 144 2551 ptio
162 2498 283 2532 tom.
306 2503 344 2531 1.
370 2501 415 2550 p.
434 2501 478 2531 2.
498 2502 550 2532 ac
571 2485 722 2533 etiam
737 2482 903 2534 fusein
927 2487 1038 2537 Obe-

57 2557 160 2624 lisco
188 2555 435 2620 Pamphilio
453 2591 462 2600 .

128 2623 224 2672 Sub
247 2642 379 2672 num.
413 2642 492 2682 2.,
528 2638 582 2673 ut
613 2625 799 2675 dietum
833 2627 925 2687 est,
955 2629 1035 2676 ha·

55 2694 137 2744 bes
158 2692 404 2745 Ofiridem
420 2696 653 2763 accipitris
670 2700 825 2766 capite
842 2697 1035 2768 infigni-

55 2780 192 2814 tum:
226 2764 357 2814 idem
374 2764 587 2832 sequitur
615 2765 776 2818 sedens
805 2771 853 2817 in
874 2772 1038 2838 proxi-

56 2852 136 2884 ma
158 2840 304 2885 Icone
335 2833 419 2884 sub
440 2854 519 2884 nu.
537 2857 584 2900 4.
607 2851 829 2907 tenetque
851 2839 1036 2889 sacrum

55 2905 240 2954 Pedum
261 2904 462 2954 finifira.
504 2909 542 2953 E
565 2910 820 2979 conspeetu
842 2912 930 2961 stat
955 2910 1038 2962 Isis

58 2974 144 3024 sub
169 2994 301 3025 num.
326 2995 369 3037 5.
401 2994 503 3044 quae
537 2982 680 3046 capiti
706 2980 1038 3051 superimposi-

60 3057 165 3094 tum
190 3061 555 3116 tegumentum,
585 3050 735 3101 tribus
756 3052 1035 3103 distinctum

61 3116 213 3165 titulis
237 3120 364 3185 gerit
386 3154 403 3176 ,
440 3119 753 3170 Sacerdotalis
786 3124 1036 3193 dignitatis

61 3184 326 3246 indicium,
343 3190 419 3237 cui
437 3187 688 3239 affimilem
706 3208 933 3244 ornatum
950 3195 1032 3245 de-

57 3252 222 3377 scrignt
245 3260 481 3375 &pulejus
500 3260 582 3309 lib.
608 3281 625 3311 1
644 3280 683 3310 1.
701 3265 1029 3336 Metamorph.

174 3343 234 3374 ar.
282 3363 292 3373 .

2003 261 2070 305 59

1072 301 1203 354 ¹dum
1224 304 1361 355 sacris
1383 305 1540 356 Ifiacis
1560 306 1832 357 initiaretur
1851 344 1861 355 .
1902 313 2067 378 Sequi-

1083 390 1163 424 tur
1181 376 1264 425 sub
1282 384 1470 428 num.6.
1492 376 1624 428 idem
1646 377 1813 438 Osiris,
1837 383 1917 446 qui
1938 385 2066 448 pari-

1082 461 1157 496 ter
1189 446 1351 505 sedet,
1384 450 1434 498 ὅ(
1470 444 1650 496 sinistra
1681 449 1897 518 aspidem
1931 449 2069 499 strin-

1079 519 1187 585 gitg
1219 515 1394 585 Ifisque
1429 516 1515 565 stat
1546 517 1631 568 sub
1666 538 1799 568 num.
1835 538 1883 580 7.
1917 539 2067 570 manu

1083 589 1271 634 Lunam
1302 587 1552 636 bicornem
1570 593 1812 660 excipiens
1831 627 1841 638 .
1881 593 2073 662 Pompae

1083 656 1303 705 medium
1330 676 1478 726 parva
1498 677 1703 729 occupat
1723 681 1802 710 ara
1823 659 1906 711 sub
1923 682 2002 713 nu.
2023 670 2068 715 8.

1083 729 1132 774 in
1148 726 1238 794 quei
1256 729 1472 794 quaedam
1494 727 1855 800 superimposita
1876 731 2069 793 sunt,ob

1083 800 1369 865 Figuratum
1403 802 1693 851 tenuitatem
1730 805 1892 870 ignota
1915 841 1926 852 .
1968 809 2072 855 Nos

1084 883 1245 917 autem
1274 887 1325 918 ea
1347 870 1406 918 ad
1425 865 1607 919 fructus
1635 872 1966 942 significandos
1994 895 2071 925 re-

1087 958 1317 989 vocamus
1335 976 1351 997 ,
1385 942 1509 988 itaut
1527 945 1832 1006 conjunctam
1855 947 1973 994 Solis
1988 983 2004 1003 ,
2023 949 2074 997 &

1085 1011 1228 1058 Lunae
1278 1013 1381 1059 vim
1429 1010 1487 1059 ad
1525 1031 1925 1083 quorumcunque
1973 1014 2073 1065 fru-

1084 1081 1254 1129 &uum
1275 1081 1644 1148 productionem
1664 1122 1679 1142 ,
1711 1089 2073 1136 maturitatem-

1086 1169 1177 1218 que
1210 1150 1486 1200 ostendant:
1525 1151 1612 1201 nifi
1639 1153 1763 1204 forte
1793 1174 1923 1203 aram
1954 1159 2074 1206 hanc

1086 1240 1199 1270 cum
1230 1218 1462 1270 fructibus
1484 1221 1542 1271 ad
1564 1226 1888 1275 Caeremonias
1906 1229 2074 1295 primi-

1085 1295 1261 1341 tiarum
1278 1289 1452 1341 referre
1476 1295 1594 1342 velis
1611 1331 1627 1351 ,
1657 1297 1716 1344 de
1740 1294 1911 1363 quibus
1942 1298 2076 1346 idem

1089 1365 1316 1413 Clemens
1355 1363 1713 1415 Alexandrinus
1752 1369 1859 1415 loco
1893 1368 2042 1417 citato
2063 1402 2075 1414 .

1091 1432 1186 1485 Sub
1216 1452 1413 1493 num-9.
1444 1434 1657 1484 succedit
1677 1438 1853 1505 Figura
1882 1436 2074 1496 sedens,

1091 1504 1400 1555 fimulacrum
1422 1505 1659 1574 Serapidis
1684 1505 1871 1558 fortasse
1903 1526 2078 1578 repraea

1091 1575 1275 1626 sentans
1301 1613 1317 1634 ,
1355 1594 1499 1643 quem
1532 1574 1736 1627 Ofiridis
1772 1595 1962 1648 patrem
1993 1598 2080 1636 vo-

1090 1650 1226 1706 lunt,
1262 1649 1436 1714 quique
1467 1648 1631 1696 locum
1658 1647 1796 1697 suum
1823 1654 1871 1698 in
1901 1648 2079 1718 myste-

1091 1721 1171 1766 riis
1192 1716 1464 1766 obtinebat.
1506 1719 1577 1763 Ex
1599 1718 1819 1785 opposito
1841 1719 1925 1768 sub
1943 1738 2078 1767 num.

1099 1810 1116 1838 1
1130 1810 1174 1838 0.
1200 1785 1287 1836 stat
1305 1786 1529 1836 Sacerdos
1545 1823 1562 1844 ,
1600 1790 1681 1854 qui
1702 1787 1892 1854 Mystas
1912 1788 2080 1849 ducit,

1091 1857 1243 1908 altera
1284 1875 1428 1905 manu
1470 1855 1692 1906 diadema
1730 1860 1941 1927 Regium
1971 1896 1988 1917 ,
2027 1878 2080 1908 ac

1092 1920 1435 1988 AEgyptiorum
1451 1921 1671 1970 Deorum
1695 1923 1873 1991 infigne
1889 1962 1905 1984 ,
1931 1928 2082 1978 altera

1090 1990 1210 2040 vero
1237 1988 1506 2058 serpentem
1526 2009 1694 2059 gerens
1710 2030 1726 2051 ,
1757 2012 1858 2062 quae
1892 1997 1951 2047 ad
1970 1996 2081 2048 stel-

1093 2063 1158 2110 las
1191 2062 1243 2112 &
1279 2062 1440 2110 Solem
1473 2061 1640 2112 referri
1673 2078 1837 2113 narrat
1862 2064 2084 2135 praefatus

1093 2134 1322 2183 Clemens
1333 2132 1692 2184 Alexandrinus
1707 2137 2025 2187 Stromat.lib.
2034 2157 2080 2201 5.

1093 2206 1321 2271 Sequitur
1338 2202 1422 2251 sub
1441 2221 1575 2251 num.
1597 2224 1616 2253 1
1633 2225 1673 2254 1.
1693 2208 1813 2256 alter
1834 2209 2080 2268 Sacerdos,

1093 2276 1174 2343 qui
1197 2274 1379 2324 Pedum
1397 2274 1700 2326 Sacerdotale
1721 2277 1898 2345 gestat3
1923 2280 1975 2329 ἃ
1996 2278 2081 2328 sub

1093 2363 1332 2417 num312.
1361 2347 1563 2415 geminae
1592 2348 1828 2398 hincinde
1850 2351 2081 2418 imagines

1093 2415 1299 2466 ferulam
1337 2415 1596 2474 habentes,
1633 2437 1778 2485 quam
1810 2420 1997 2468 sacrum
2024 2419 2080 2469 fi-

1092 2505 1243 2556 gnum
1273 2483 1408 2536 fuiffe
1430 2489 1712 2551 conjicimus
1743 2508 1801 2540 ex
1820 2491 2078 2540 Herodoto

1094 2561 1143 2606 in
1164 2558 1376 2624 Euterpe,
1410 2555 1493 2606 ubi
1515 2556 1576 2606 fic
1596 2581 1606 2608 :
1648 2561 1937 2612 Verberamur
1963 2567 2079 2611 enim

1081 2631 1468 2698 possstlcrificium
1494 2631 1639 2679 cunHi
1652 2667 1667 2688 ,
1693 2635 1747 2681 Θ
1764 2634 1919 2683 cunHae
1930 2670 1945 2690 ,
1965 2636 2077 2683 mul-

1092 2702 1251 2770 tasane
1271 2703 1489 2750 hominum
1506 2704 1679 2762 millia3
1708 2722 1784 2770 quo
1813 2720 1951 2754 autem
1968 2724 2079 2754 ver-

1090 2772 1289 2822 berentur
1315 2791 1399 2821 non
1420 2775 1488 2823 eff
1517 2775 1629 2821 mihi
1632 2771 1714 2840 fas
1734 2774 1876 2823 dicere
1889 2811 1899 2820 .
1936 2779 1993 2825 In
2010 2776 2078 2822 ci·-

1091 2840 1227 2893 stulz‘il,
1251 2840 1456 2911 mystica
1508 2841 1845 2893 Eleusinorum
1885 2842 2076 2895 ferula-2

1091 2929 1222 2970 erat,
1262 2913 1387 2962 unde
1414 2912 1473 2961 ad
1501 2915 1690 2973 Solem,
1719 2917 1770 2966 ὃ(
1789 2913 2072 2967 OfirIdem->

1090 2981 1254 3033 referri
1282 2984 1567 3052 quamplura
1588 2984 1907 3041 numismata,
1939 3003 2072 3052 gem-

1089 3073 1273 3122 maeque
1302 3055 1537 3124 probant,
1566 3057 1615 3103 in
1645 3055 1815 3123 quibus
1851 3055 1928 3100 Sol
1960 3072 2073 3102 cum

1088 3124 1361 3189 hujusmodi
1379 3124 1531 3175 ferula
1552 3125 1810 3193 insculptus
1829 3121 1894 3171 est
1908 3159 1925 3180 ‚
1952 3121 2071 3172 ficu-

1088 3197 1125 3244 ti
1165 3196 1311 3245 tradit
1345 3195 1624 3245 Macrobius
1668 3196 1725 3242 de
1763 3190 1940 3242 celebri
1985 3196 2070 3244 illo

1087 3266 1331 3335 Apollinis
1348 3265 1707 3380 ΗίεΓοΡοΙίτίειηί
1728 3261 1979 3314 simulacro
1995 3286 2006 3313 :
2021 3269 2070 3316 δε

1681 3350 1706 3379 2.
2022 3354 2069 3384 1n
