2425 3747
212 230 278 275 86

615 214 1036 278 VETERA
1118 211 1815 272 MONIMENTA

213 299 281 346 let
304 329 320 351 ,
359 309 452 343 non
473 295 694 345 'colorem
723 295 867 343 modo
894 288 1188 341 tessellatum
1238 291 1351 359 gulo
1381 308 1572 360 ‘quoque
1599 290 1677 340 die
1706 290 1916 338 murario
1949 289 2110 358 ligone
2131 283 2218 339 ‘re-

211 364 468 423 obliterat‚
496 364 666 413 verum
694 367 839 414 etiam
864 367 909 410 in
934 361 1186 429 pulverem
1240 362 1506 410 volvuntur
1524 398 1540 420 ,
1577 363 1628 412 &
1662 360 2022 411 contrecstantur
2048 395 2064 418 ,
2099 355 2237 408 ficut-

211 436 390 505 redigit
415 437 645 486 extimam
682 431 980 501 superficiem
1014 449 1187 481 earun-

221 508 333 558 dem
352 542 364 553 ·

283 578 390 626 Pars
405 578 550 625 altera
563 609 581 630 ‚
604 576 681 620 cui
700 585 842 640 caput
862 570 986 621 istud
1007 570 1192 620 addixi-

212 666 344 704 mus,
376 645 585 712 impendi
614 643 759 692 debet
789 644 837 690 in
869 642 1194 710 explicanda...

211 715 437 768 methodo
452 749 469 771 ,
496 710 587 780 quii
601 714 767 782 gluten
783 749 800 771 ,
817 711 914 762 five
931 731 1192 762 marmora-

212 802 319 837 tum
330 821 346 842 ,
362 784 526 832 Italic&
548 783 734 833 distum
748 785 781 834 S
784 802 901 834 tacco
912 820 927 842 ,
943 783 1108 851 perfici
1125 781 1196 833 so-

211 860 278 908 let
295 892 306 902 .
337 855 523 902 Gluten
551 855 711 923 itaque
732 854 888 913 illud,
917 872 1012 921 quo
1039 856 1199 922 lapilli-

210 926 270 978 ad
302 922 554 974 Mufivum
580 927 874 993 pertinentes
898 923 1060 972 valide
1090 926 1195 972 vin-

211 999 431 1052 ciuntur,
464 993 714 1043 diversum
738 995 866 1063 apud
893 1008 1080 1045 veteres
1103 991 1198 1042 fuit

214 1067 272 1116 ab
296 1083 353 1114 eo
367 1101 384 1122 ,
410 1063 540 1132 quod
560 1068 586 1114 a
605 1064 891 1114 nostratibus
911 1064 1167 1133 usurpatur
1183 1101 1194 1112 .

215 1133 498 1202 Antiquitus
516 1136 636 1184 calci
657 1138 784 1184 Vivae
799 1171 816 1195 ,
835 1134 956 1202 aquz‘i
972 1135 1100 1204 pritis
1117 1153 1195 1185 ex-

214 1207 375 1257 tinstae
388 1241 406 1265 ‚
425 1205 689 1255 addebatur
707 1224 1004 1257 marmoreus
1019 1207 1199 1275 pulvis,

214 1277 376 1328 eidem
399 1279 460 1325 tri
499 1275 542 1324 Ιέὶ
566 1279 878 1346 proportione
898 1275 1201 1346 respondens,

216 1347 336 1397 adeo
366 1360 421 1395 ut
466 1349 635 1415 lngulo
672 1349 812 1396 calcis
842 1347 1051 1397 sextario
1083 1365 1124 1397 e.
1154 1366 1199 1416 g.

216 1420 310 1466 tria
340 1420 603 1467 marmorei
631 1420 844 1485 pulveris
870 1415 1201 1468 immisceren-

216 1501 298 1536 tur
312 1524 323 1534 .
350 1487 492 1554 Aqua
510 1488 685 1538 deinde
707 1491 958 1538 communi
975 1525 992 1547 ,
1015 1491 1066 1539 &
1082 1507 1200 1538 ovo-

217 1575 330 1608 rum
353 1557 600 1607 albumine
622 1561 786 1608 omnia
811 1561 893 1608 illa
920 1558 1203 1629 subigeban-

217 1642 300 1677 tur
319 1630 367 1676 in
383 1626 576 1676 maffam
591 1665 608 1687 ,
636 1632 715 1679 cui
736 1627 1011 1681 Marmor-ati
1027 1647 1207 1680 nomen

218 1697 438 1745 indidere
451 1729 462 1737 -
494 1701 565 1744 At
579 1701 921 1754 experimento
948 1702 1109 1745 edom
1127 1697 1205 1746 su-

218 1782 352 1821 mus,
368 1758 417 1809 id
433 1759 633 1830 glutinis
647 1772 796 1824 genus
812 1752 971 1804 minus
989 1772 1210 1803 accomo-

219 1836 342 1885 dum
361 1828 612 1899 opificibus
633 1827 941 1896 contingere;
963 1843 1075 1873 nam
1095 1823 1208 1873 edm

220 1903 395 1977 parieti
421 1898 677 1949 industum
698 1911 828 1954 erat,
859 1896 1056 1944 modico
1084 1910 1210 1944 tem-

221 1975 352 2044 poris
384 1970 539 2018 τῑαξὶυ
575 1967 695 2017 adeo
730 1964 1076 2016 obdurescebat
1102 2001 1119 2023 ,
1155 1978 1210 2013 ut

220 2040 485 2095 Mufivarii
499 2039 796 2087 celeritatem
813 2050 1138 2104 praeverteret,
1153 2035 1210 2083 n&

226 2112 417 2181 lapillos
443 2108 692 2176 disponere
708 2143 724 2165 ,
750 2109 799 2157 &
818 2108 923 2174 apt&
944 2107 1211 2155 collocare,

228 2197 337 2234 ante
363 2181 490 2227 illius
519 2176 886 2227 exficcationem
907 2173 1056 2246 posset
1073 2214 1083 2223 .
1116 2181 1210 2224 Re-

230 2252 463 2303 centiores
486 2250 646 2315 itaque
675 2245 873 2297 artifices
903 2249 998 2296 alio
1024 2248 1211 2316 glutine

229 2319 466 2373 utendum
494 2316 583 2368 effe
606 2316 891 2368 censuerunt
906 2353 923 2377 ,
956 2318 1086 2384 quod
1105 2336 1210 2367 mo·

233 2414 292 2443 rae
329 2392 644 2440 diuturnioris
675 2391 857 2457 patiens
893 2385 1005 2437 effer
1024 2424 1041 2446 ,
1077 2402 1211 2437 ante·

234 2480 379 2532 quam
402 2463 450 2508 in
469 2460 703 2509 inv-istam
723 2478 825 2509 aevo
851 2458 1081 2508 duritiem
1101 2478 1212 2508 con·

237 2531 463 2582 cresceret
479 2568 490 2577 .

309 2605 419 2651 Hoc
446 2601 594 2669 igitur
622 2598 759 2668 pasto
788 2596 1076 2648 hodiernum
1105 2601 1213 2667 glu-

238 2688 318 2722 ten
339 2684 658 2738 componunt.
685 2670 899 2717 Sumitur
926 2672 1065 2718 calcis
1089 2673 1214 2719 Vivae

241 2742 361 2808 aqui
386 2741 604 2789 extinstae
629 2741 785 2808 portio
803 2756 924 2796 una,
952 2758 1053 2806 quae
1082 2754 1214 2788 tanta

239 2809 328 2863 effe
347 2809 493 2867 solet,
523 2824 748 2876 quantam
773 2829 855 2857 Vas
871 2812 997 2877 capit
1011 2847 1026 2868 ,
1055 2812 1102 2858 in
1119 2829 1214 2878 quo

240 2883 347 2931 calx
360 2878 528 2950 gestari
545 2878 689 2935 solet,
706 2880 870 2928 Italicex
887 2879 1069 2929 distum
1087 2883 1216 2932 Schi-

227 2952 295 3024 ft.
313 2952 632 3019 Accipiuntur
648 2948 818 2998 deinde
834 2963 924 2999 tres
940 2965 1094 3019 partes
1113 2953 1217 3020 pul-

243 3023 369 3071 veris
391 3022 416 3069 ὲ
443 3036 682 3068 marmore
697 3017 990 3078 Tiburtino,
1013 3040 1107 3070 non
1132 3041 1212 3070 au·

241 3107 344 3142 tem
369 3091 562 3140 alterius
581 3089 784 3158 speciei3
819 3089 869 3139 &
897 3091 990 3138 haec
1015 3095 1215 3141 omnia„

242 3160 381 3212 simul
402 3157 604 3209 immista
619 3197 634 3218 ,
652 3177 747 3208 non
765 3155 883 3225 aqua
897 3195 913 3216 ‚
938 3157 1017 3209 sed
1033 3163 1139 3210 oleo
1160 3164 1215 3210 li-

245 3234 294 3283 ni
314 3233 629 3292 molliuntur,
656 3249 708 3279 ac
726 3227 1034 3298 subiguntur,
1058 3233 1110 3296 ὃς
1125 3229 1218 3282 fin-

1243 434 1507 482 communis
1535 433 1643 480 calx
1669 429 1824 500 subigi
1843 430 1990 479 solet.
2030 430 2144 479 Olei
2164 430 2224 476 li-

1245 505 1294 551 ni
1313 504 1546 569 quantitas
1566 503 1614 549 in
1630 504 1784 570 prima
1799 502 2022 570 congerie
2039 497 2238 567 septua-⁴

1245 576 1377 642 ginta
1406 608 1422 630 ,
1458 573 1539 621 vel
1575 573 1819 639 ostoginta
1856 573 2090 620 librarum
2122 569 2189 619 est
2208 589 2225 630 ;

1248 662 1358 693 nam
1375 643 1479 690 calx
1494 677 1511 700 ,
1539 643 1588 692 ἃ
1604 643 1763 711 pulvis
1781 640 1988 708 eousque
2010 641 2097 689 lini
2117 643 2229 689 oleo

1247 718 1514 764 irrorantur
1529 748 1546 772 ,
1575 713 1725 762 donec
1746 709 2035 761 sufficienter
2054 729 2231 780 coagu-

1247 789 1377 842 latae,
1395 785 1445 835 ὃ(
1466 785 1607 833 unitae
1621 783 1802 832 fuerint
1821 780 1971 829 ambae
1991 785 2203 830 materiae
2219 817 2232 827 .

1249 859 1447 925 Signum
1466 867 1626 903 autem
1644 851 1862 923 perfestae
1879 853 2065 900 unionis
2085 870 2144 900 ex
2160 854 2233 898 in-

1248 926 1503 994 frascriptis
1517 923 1819 973 adminiculis
1832 922 2244 972 deduciturCon*

1249 999 1401 1067 geries
1418 1033 1434 1055 ,
1462 994 1560 1046 five
1580 991 1720 1043 massa
1740 990 1977 1061 principio
1997 991 2237 1059 quidem-2

1251 1071 1390 1138 plana
1408 1066 1474 1117 est
1488 1102 1504 1124 ,
1528 1065 1702 1115 deinde
1723 1067 1770 1111 in
1790 1063 1890 1113 dies
1908 1061 2136 1112 tumescit
2151 1099 2167 1121 ,
2187 1065 2239 1114 δε

1252 1141 1311 1189 ad
1334 1136 1603 1207 pyramidis
1622 1134 1830 1185 formam
1848 1135 2066 1184 elevatur
2080 1169 2090 1180 .
2106 1130 2244 1181 Mas·-

1253 1208 1299 1259 sz‘i
1319 1206 1581 1277 assurgente
1597 1244 1612 1265 ,
1634 1224 1751 1275 aqua
1770 1224 1871 1272 quae
1891 1218 1992 1254 erat
2012 1206 2060 1251 in
2079 1204 2210 1252 calce
2223 1238 2243 1262 ,

1254 1279 1480 1342 ficcatur3
1510 1280 1652 1345 quare
1685 1289 1879 1345 oportet
1905 1274 2089 1343 singulo
2119 1292 2244 1341 quo-

1254 1369 1346 1419 que
1379 1351 1460 1399 die
1492 1346 1686 1397 massam
1721 1347 1926 1396 eandem
1962 1347 2071 1394 oleo
2109 1362 2243 1393 novo

1256 1425 1458 1470 irrorare
1475 1456 1492 1479 ,
1530 1421 1586 1468 ne
1605 1417 1783 1468 arescat
1799 1453 1816 1476 ,
1844 1418 1895 1468 ὃς
1926 1414 2245 1464 intrastabilis

1255 1491 1369 1541 fiat:
1401 1494 1450 1539 in
1468 1508 1560 1559 qua
1582 1491 1865 1539 irroratione
1895 1484 2081 1554 septem
2107 1486 2247 1534 circi-

1257 1577 1333 1612 ter
1365 1563 1458 1611 olei
1494 1560 1627 1609 librae
1663 1558 1819 1609 solent
1854 1555 2029 1607 insumi
2060 1592 2076 1614 ,
2111 1556 2248 1619 juxta:

1260 1630 1410 1682 massae
1436 1629 1806 1681 desiccationem
1821 1665 1838 1688 ,
1865 1647 1969 1696 quae
1995 1626 2143 1675 modo
2170 1642 2248 1673 ce-

1261 1705 1438 1760 lerior,
1466 1700 1614 1750 modo
1643 1703 1821 1750 lentior
1850 1700 1980 1745 cedit
2005 1732 2020 1749 ,
2058 1713 2143 1759 pro
2175 1695 2255 1743 di²⁴

1260 1756 1400 1809 verso
1417 1761 1637 1807 locorum
1658 1760 1748 1807 situ
1758 1795 1774 1817 ,
1791 1761 1842 1810 &
1858 1762 1977 1808 aeris
1998 1764 2249 1829 temperie.

1262 1827 1429 1879 AEstate
1457 1831 1589 1879 enim
1622 1831 1797 1898 viginti
1833 1832 2026 1880 circiter
2059 1831 2254 1881 dierum

1261 1901 1414 1969 spatio
1440 1895 1580 1946 maffa
1601 1899 1659 1946 ad
1678 1897 2024 1967 perfectionem
2051 1901 2251 1951 deduci-

1262 1985 1371 2027 tur,
1397 1967 1527 2035 quod
1556 1967 1614 2016 ab
1643 1967 1741 2037 ipsa
1771 1973 1972 2020 materia
2000 1971 2250 2039 cognosci-

1264 2055 1367 2097 tur,
1382 2038 1492 2087 clim
1512 2036 1692 2087 scilicet
1708 2039 2023 2090 intumescere
2043 2039 2250 2100 defistit‚

1263 2111 1375 2179 quia
1402 2128 1520 2176 aqua
1537 2145 1553 2166 ,
1587 2127 1689 2176 quae
1715 2124 1816 2159 erat
1843 2114 1891 2159 in
1913 2112 2040 2160 calce
2058 2147 2074 2169 ,
2108 2117 2249 2175 jam-s

1264 2182 1495 2240 evanuit3
1526 2178 1727 2246 ideoque
1753 2179 1787 2229 fi
1812 2181 2131 2240 extendatur,
2164 2199 2249 2233 ne-

1264 2269 1355 2320 que
1382 2251 1654 2308 attollitur,
1691 2254 1843 2318 nequ&
1865 2254 1912 2299 in
1941 2249 1986 2301 se
2008 2252 2254 2313 concidit,

1264 2322 1344 2373 sed
1366 2322 1596 2390 unguenti
1625 2320 1684 2368 ad
1714 2320 1854 2369 instar
1874 2321 1990 2370 stat.
2029 2323 2252 2389 Reliquis

1265 2392 1382 2443 vero
1409 2393 1516 2438 anni
1549 2391 1845 2457 temporibus
1878 2396 2029 2454 majus
2056 2393 2105 2439 in
2133 2389 2253 2455 ejus-

1266 2464 1379 2513 dem
1395 2459 1706 2511 exsiccatione
1721 2496 1737 2518 ,
1753 2462 1803 2511 &
1820 2459 2113 2529 perfectione
2133 2476 2256 2511 tem-

1268 2535 1395 2603 poris
1423 2530 1627 2599 spatium
1648 2530 1904 2579 insumitur
1923 2569 1939 2591 ‚
1975 2538 2109 2595 juxta
2131 2533 2252 2582 aeris

1267 2602 1637 2658 humiditatem,
1665 2600 1785 2649 adeo
1808 2616 1861 2650 ut
1890 2603 2071 2671 hyeme
2103 2620 2254 2670 quan-

1267 2676 1424 2741 doque
1450 2668 1620 2719 menfis
1642 2672 1827 2740 integer
1850 2691 1947 2721 non
1967 2670 2201 2720 sufficiat.

1374 2741 1633 2791 Sciendum
1667 2755 1826 2791 tamen
1858 2740 1924 2791 est
1956 2742 2216 2809 aliquando
2236 2776 2254 2800 ,

1269 2813 1439 2881 nempe
1476 2813 1523 2859 in
1562 2815 1750 2879 urgenti
1788 2810 1896 2860 casu
1921 2848 1938 2870 ,
1976 2810 2254 2863 breviffimo

1269 2899 1483 2951 tempore
1513 2881 1832 2932 Marmoratum
1857 2883 1946 2932 hoc
1967 2881 2067 2931 fieri
2096 2879 2221 2950 posse
2240 2917 2254 2928 .

1269 2955 1524 3021 Accipitur
1557 2955 1686 3002 enirn
1723 2955 1827 3001 calx
1855 2990 1872 3011 ,
1908 2971 2009 3019 quae
2046 2955 2094 3000 in
2133 2949 2255 3018 aquei.

1270 3023 1396 3093 prius
1423 3024 1630 3072 extinsta
1645 3059 1661 3080 ,
1687 3023 1860 3073 deinde
1882 3022 2112 3072 exficcata
2127 3058 2143 3080 ,
2169 3021 2253 3071 de-

1267 3095 1472 3161 nique1in
1489 3095 1739 3160 pulverem
1757 3093 1945 3143 redasta
1960 3091 2124 3150 fuerit,
2138 3108 2252 3139 cum

1270 3165 1419 3213 tribus
1442 3162 1654 3230 partibus
1681 3166 1893 3233 pulveris
1920 3165 1944 3211 ὲ
1980 3163 2139 3230 lapide
2163 3162 2253 3208 Ti-

1277 3235 1488 3292 burtino,
1502 3236 1551 3285 ἃ
1567 3252 1677 3283 cum
1692 3236 1798 3285 oleo
1815 3233 2085 3302 supradicto
2100 3269 2116 3291 ,
2134 3248 2250 3280 cun-

2084 3304 2254 3369 <itaque
