2425 3747
234 256 297 296 70
642 230 1067 288 VETERA
1141 228 1838 285 MONIMENTA

230 318 372 372 queat
387 305 593 355 exterius
617 306 677 354 ad
697 305 1050 372 deturpandum
1077 298 1203 370 aspev

228 376 362 425 <stum
383 379 538 445 operis
554 374 790 445 prosilire:
817 374 958 441 quare
977 386 1204 421 caementa

228 449 352 495 inter
380 444 423 496 se
452 450 517 494 ita
546 448 808 500 cohaerent,
840 457 893 490 ut
914 445 1040 492 inter
1061 442 1200 512 supe-

226 519 405 566 riorem
429 553 445 574 ,
479 519 530 567 ὅτ,
557 513 830 563 inferiorem
864 514 1063 563 laterem
1090 516 1197 562 nul-

226 589 328 635 lum
353 587 490 635 calcis
510 586 794 651 vestigium,
823 581 903 634 sed
925 582 1127 653 fimplex
1142 587 1199 633 li*

226 675 312 705 nea
339 670 583 725 appareat.
616 651 815 721 Insuper
842 673 900 703 6)(
922 654 1104 706 eisdem
1131 657 1200 703 la·-

219 726 400 776 ‘t-eribus
432 737 692 773 cernuntur
714 722 932 775 formatae
959 726 1201 795 parastatae

222 815 332 845 cum
360 794 450 842 suis
479 792 663 843 basibus
684 831 700 852 ‚
737 798 959 862 capitulis
978 834 994 854 ,
1024 795 1204 865 episty-

221 869 295 914 liis
307 902 324 923 ,
341 885 392 913 ac
410 865 638 915 coronide
655 866 878 915 omnibus
894 868 1204 918 Architestu-

220 954 280 984 rae
296 935 541 984 ordinibus
557 972 572 992 ,
600 938 725 984 itaut
748 935 954 1006 singulas
986 938 1204 988 aediunm,

219 1020 373 1075 partes
400 1004 454 1054 ed
486 1004 689 1055 materia
716 1010 816 1056 tam
845 1006 1019 1058 affabre
1044 1008 1205 1059 elabo-

220 1090 340 1124 ratas
357 1077 653 1126 intuentibus
667 1114 683 1136 ,
708 1079 759 1129 &
776 1081 1010 1148 praecipue}
1029 1082 1206 1130 Archi-

218 1147 412 1196 testurae
445 1145 692 1205 studiofiS,
727 1153 871 1216 quam
896 1153 1205 1203 maximam-³

218 1217 591 1267 admirationem
620 1219 876 1268 inducant.
916 1224 1030 1288 Qo
1060 1225 1108 1270 in
1128 1242 1208 1293 ge-

218 1304 328 1337 nere
347 1287 597 1355 quoddam
627 1307 719 1357 prae
738 1294 918 1341 caeteris
951 1290 1208 1343 observavi

220 1357 521 1422 Templum,
557 1363 819 1422 parvulum
852 1362 1081 1425 quidem,
1124 1362 1207 1414 sed

218 1422 576 1492 diligentiflim&
593 1439 818 1473 ornatum
830 1462 846 1483 ,
862 1427 980 1476 dum
1001 1428 1061 1475 ad
1078 1429 1204 1475 invi-

214 1494 360 1545 senda
389 1496 559 1544 rudera
581 1498 791 1544 Romani
813 1497 914 1566 agri
935 1514 1048 1545 cum
1063 1497 1204 1545 solito

218 1568 489 1615 amicorum
507 1568 746 1615 comitatu
775 1564 1012 1635 profestus
1034 1564 1174 1617 essem
1191 1602 1203 1614 .

216 1639 398 1686 Intima
415 1636 613 1705 Templi
629 1636 916 1687 construcsso
938 1655 1207 1688 marmorea

214 1720 348 1762 erat,
379 1725 492 1753 cum
526 1710 683 1768 operis
716 1706 891 1753 mufivi
922 1707 1123 1775 vestigio
1156 1709 1204 1754 in

211 1773 394 1823 fornice
412 1783 668 1838 apparente
685 1805 695 1815 .
727 1772 799 1817 At
817 1778 1022 1819 exterior
1049 1778 1203 1840 parie-

213 1859 322 1895 tum
340 1841 508 1899 facies,
536 1836 728 1890 &frons
747 1838 845 1909 ipsa
864 1841 1061 1910 Templi
1088 1845 1204 1893 late-

214 1916 325 1965 ritia
351 1925 485 1968 erat,
510 1910 571 1958 ad
598 1909 781 1958 ordinis
811 1914 1056 1960 Corinthii
1076 1915 1204 1981 leges

215 1978 546 2033 delicatiffime
564 1980 782 2028 extrusta
800 2016 809 2026 .
833 1979 1068 2048 Qissefivit
1082 1985 1203 2031 olim

217 2074 244 2103 a
258 2071 335 2103 me
358 2055 417 2099 R.
436 2051 484 2096 P.
504 2048 774 2098 Franciscus
800 2049 1078 2100 Eschinardi
1096 2056 1198 2101 Soc.

206 2127 243 2193 J
261 2137 316 2171 as
331 2139 367 2172 υ
380 2158 397 2179 ,
420 2122 497 2169 vir
525 2122 658 2169 omni
681 2120 954 2171 eruditione
974 2120 1172 2171 refertus
1185 2161 1202 2183 ‚

215 2210 421 2261 quanam
453 2191 512 2239 de
534 2189 669 2239 causa
702 2190 842 2259 prisci
863 2195 1072 2240 Romani
1106 2208 1206 2245 tam

216 2263 474 2332 pulchrum
501 2280 618 2329 opus
650 2263 698 2308 in
729 2265 928 2311 materia
956 2277 1055 2312 tam
1077 2266 1202 2324 vili,

219 2353 271 2383 ac
302 2329 461 2400 fragili
501 2330 839 2399 perdidissent,
877 2331 988 2382 cum
1022 2337 1202 2402 copia„

217 2420 518 2453 marmorum
539 2404 631 2451 illis
650 2402 949 2472 suppeteret,
978 2420 1031 2453 ut
1051 2410 1201 2474 parie-

217 2476 326 2522 tinae
346 2491 405 2521 ex
421 2491 661 2522 marmore
678 2473 831 2522 adhuc
851 2472 1120 2542 superstites
1136 2492 1203 2527 te-

220 2543 395 2592 stantur
424 2578 434 2589 .
475 2544 625 2591 Nulla
661 2546 780 2591 mihi
817 2544 1054 2612 responfio
1088 2562 1201 2597 tunc

219 2615 533 2681 opportunior
564 2612 663 2661 visa
694 2612 818 2671 fuit,
851 2618 995 2681 quam
1028 2617 1201 2685 suppo--²

218 2683 429 2732 nendum
442 2719 457 2739 ,
484 2688 612 2750 quod
627 2680 782 2734 fuisset
797 2683 1006 2752 quadam
1022 2686 1079 2735 ab
1096 2693 1196 2737 Im-

219 2753 516 2822 peratoribus
547 2755 679 2821 lege,
713 2752 811 2808 five
846 2755 1038 2806 Senatus
1068 2762 1198 2808 Con-

217 2822 342 2872 sulto
361 2822 686 2889 prohibitum,
706 2827 761 2873 n&
782 2828 882 2892 quis
900 2824 986 2874 nifi
1006 2831 1198 2878 Senato-

218 2894 287 2943 ria
322 2893 541 2959 praeditus
577 2892 810 2961 dignitate
836 2933 852 2954 ,
888 2915 1197 2949 marmorea-2

219 2961 510 3013 construeret
535 2962 753 3024 aedificia;
781 2985 835 3014 eo
864 2970 1027 3034 utique
1048 2969 1196 3019 consi-

217 3037 284 3084 lio
301 3069 316 3090 ,
343 3045 396 3082 ut
416 3033 666 3084 immodici
682 3034 817 3084 luxus
839 3038 1087 3105 impensae,
1109 3060 1192 3090 ne-

216 3105 336 3154 dum
351 3104 599 3154 hominum
615 3106 933 3172 privatorum,
950 3108 1027 3157 sed
1045 3113 1193 3159 etiam

217 3176 473 3223 Procerum
510 3177 796 3242 patrimonia
834 3176 1149 3246 dilapidantes
1176 3218 1192 3238 ,

218 3259 552 3299 coercerentur
565 3283 575 3295 .
597 3248 824 3314 Impediti
842 3250 1092 3317 propterea
1110 3254 1192 3303 Ci-

1256 322 1338 352 ves
1365 304 1616 369 quominus
1642 308 1689 353 in
1717 304 2074 355 transvehendis
2104 324 2240 357 mon-

1257 375 1380 421 tium
1417 373 1687 425 diffitorum
1724 374 1917 425 tributis
1953 374 2115 428 census
2147 380 2240 426 im-

1252 442 1542 512 penderent,
1578 448 1791 515 pretium
1826 445 2117 497 fabricarum
2141 463 2244 498 arte

1252 515 1550 583 supplentes,
1586 530 1639 565 ut
1667 535 1784 586 opus
1814 519 2071 567 materiem
2104 519 2244 588 supe-

1255 598 1380 634 raret
1407 581 1700 645 effecerunt,
1736 589 1787 638 ὃ(
1813 589 2043 638 incolumi
2080 591 2248 657 legum

1255 655 1427 706 robore
1456 656 1706 727 magnifica
1740 657 1863 707 testa
1899 673 2250 720 extruxerunt:

1255 727 1397 796 quare
1422 727 1541 777 adeo
1559 729 1769 778 lateritia
1797 743 2018 796 promota
2038 728 2132 779 fuit
2148 768 2165 790 ,
2191 744 2248 780 ut

1256 799 1507 866 sculpturae
1533 801 1678 847 etiam
1696 798 2040 849 delicatiffimae
2062 802 2248 868 patiens

1258 865 1370 918 esset
1398 870 1574 937 argillae
1603 867 1833 938 fragilitas
1856 906 1866 916 .
1908 868 2098 919 Verum
2133 869 2251 919 cum.

1259 959 1312 990 ea
1349 937 1514 988 saecula
1542 957 1638 987 non
1666 940 1923 990 habuerint
1966 943 2014 988 in
2047 958 2141 1007 quo
2174 941 2252 988 lu«

1258 1029 1376 1059 xum
1397 1011 1707 1059 Privatorum
1741 1008 1986 1070 sisterent,
2021 1012 2073 1062 &
2111 1028 2244 1061 coer-

1259 1094 1453 1142 cerent3
1493 1076 1676 1131 infelici
1704 1098 1867 1129 rerum
1895 1079 2251 1131 vicissitudine,

1260 1152 1528 1222 optandum
1544 1150 1885 1221 posterioribus
1900 1149 1993 1201 fuit
2009 1189 2025 1211 ,
2043 1165 2096 1200 ut
2113 1154 2251 1200 inve-

1260 1226 1354 1272 niri
1381 1223 1549 1274 saltem
1571 1218 1750 1291 posset,
1786 1240 1881 1289 quo
1911 1223 2117 1291 dignitas
2134 1239 2251 1290 ope-

1262 1313 1371 1344 rum
1399 1292 1706 1363 publicorum
1737 1291 2059 1342 custodiretur
2078 1330 2088 1340 .
2120 1293 2252 1341 Cum

1260 1367 1391 1417 enim
1420 1369 1694 1413 Romanum
1716 1365 1987 1432 Imperium
2009 1364 2253 1412 declinare

1258 1431 1308 1475 in
1336 1428 1547 1480 deterius
1577 1437 1760 1500 coepit,
1796 1452 1880 1502 par
1907 1433 2000 1482 fuit
2034 1434 2253 1500 Imperio

1259 1498 1475 1546 conditiO
1503 1496 1738 1543 bOnarum
1766 1507 1976 1555 artiuiu,
2017 1500 2255 1551 exclusa„

1259 1566 1622 1636 quodammodo
1653 1566 1711 1615 de
1743 1562 1851 1616 sede
1873 1565 1986 1624 sua,
2017 1570 2067 1618 ὃ(
2093 1571 2141 1616 in
2167 1589 2252 1638 pe·-

1256 1645 1414 1705 jorem
1436 1635 1613 1686 sortem
1642 1634 1860 1704 prolapsa
1878 1673 1890 1684 .
1929 1638 2120 1686 Indicat
2142 1638 2252 1688 satis

1260 1706 1468 1756 adversae
1495 1704 1635 1755 sortis
1661 1707 1799 1753 initia
1817 1708 1987 1756 Circus
2018 1710 2099 1758 ille
2117 1712 2251 1759 extra.

1260 1791 1451 1845 portam
1480 1780 1726 1844 Capenam
1752 1773 1962 1828 secundo
1991 1777 2048 1826 ab
2082 1779 2252 1833 Urbe„

1258 1849 1448 1914 lapide,
1474 1849 1555 1913 qui
1582 1843 1735 1914 prisco
1760 1864 1919 1898 errore
1946 1851 1972 1897 ἔι
1994 1852 2249 1900 Caracalla

1256 1918 1440 1967 erestus
1465 1917 1676 1976 dicitur3
1713 1920 1893 1966 recenti
1925 1919 2044 1967 vero
2072 1938 2240 1969 emen-

1255 1987 1449 2034 datione
1469 1987 1680 2053 Vulgaris
1696 1989 1935 2053 opinionis
1948 2024 1965 2044 ,
1978 2007 2065 2055 per
2081 1991 2247 2038 lauda-

1257 2071 1362 2104 tum
1379 2056 1672 2124 Raphaelem
1688 2055 1970 2105 Fabrettum
1989 2056 2182 2109 sublatae
2198 2062 2250 2111 in.

1259 2131 1421 2195 Opere
1449 2126 1507 2175 de
1523 2130 1729 2178 Columna
1742 2126 1930 2193 Trajczni
1950 2147 2051 2196 cap.
2065 2138 2115 2178 6¹.
2139 2149 2246 2199 pag.

1266 2216 1376 2262 147.
1398 2201 1424 2248 a
1440 2198 1664 2246 Gallieno
1686 2197 1977 2249 constructus
1998 2199 2244 2249 existima-

1257 2282 1336 2316 tur
1359 2304 1368 2315 .
1410 2264 1787 2335 Conspiciuntur
1819 2270 1868 2316 in
1900 2271 1984 2317 illo
2012 2269 2114 2319 duae
2141 2269 2247 2339 spe-

1256 2341 1350 2388 cies
1379 2352 1750 2397 caementorum,
1791 2356 1964 2407 nempe
1995 2343 2162 2408 tophi,
2193 2343 2247 2392 &

1255 2411 1422 2458 lateres
1438 2411 1504 2457 ita
1524 2406 1753 2476 dispositi,
1772 2422 1826 2456 ut
1842 2427 1962 2458 unus
1981 2412 2100 2460 ordo
2113 2447 2130 2469 ,
2144 2410 2244 2460 five

1256 2498 1347 2530 una
1374 2482 1499 2530 linea
1528 2497 1586 2528 ex
1615 2479 1773 2546 tophis¹
1806 2479 2047 2545 quadratis
2065 2517 2081 2539 ,
2119 2483 2243 2531 alter

1257 2551 1372 2600 vero
1391 2550 1509 2599 ordo
1536 2567 1594 2598 ex
1610 2547 1836 2597 lateribus
1854 2549 2059 2600 constet:
2080 2570 2173 2619 quo
2192 2554 2243 2601 in

1254 2621 1423 2670 ordine
1448 2617 1703 2687 aliquando
1735 2617 1922 2670 tantum
1942 2640 2062 2669 unus
2083 2622 2148 2671 est
2174 2624 2246 2669 la-

1253 2706 1345 2751 ter,
1359 2690 1639 2760 quandoque
1659 2689 1773 2747 duo,
1791 2691 2075 2758 quandoque
2092 2693 2242 2742 etiam

1253 2775 1373 2820 tres,
1405 2775 1457 2808 ut
1484 2759 1684 2809 Tabulae
1722 2766 1946 2811 XXVII.
1978 2763 2153 2829 Figura
2194 2782 2237 2811 1.

1252 2830 1422 2882 melius
1442 2830 1621 2879 indicat
1638 2866 1648 2876 .
1679 2833 1839 2893 Hujus
1860 2829 2101 2881 structurae
2133 2830 2242 2899 spe-

1250 2906 1375 2952 ciem
1403 2903 1493 2950 tria
1519 2903 1708 2949 circiter
1740 2898 1903 2950 saecula
1934 2899 2240 2971 perdurasse,

1249 2971 1361 3024 cum
1385 2971 1539 3021 adhuc
1561 2973 1702 3020 Italia
1731 2970 1788 3018 ab
1821 2975 2060 3022 extraneis
2080 2975 2238 3022 natio-

1247 3042 1382 3093 nibus
1401 3042 1647 3092 excidium
1663 3038 1783 3110 paffa
1802 3061 1897 3091 non
1920 3041 2050 3105 effet3
2065 3057 2113 3091 at
2130 3040 2235 3111 post

1246 3120 1342 3177 ejus
1363 3113 1742 3163 devastationem
1775 3116 1981 3163 laterum
2015 3113 2232 3163 officinas

1247 3179 1422 3232 cessasse
1444 3202 1530 3252 pro
1557 3198 1687 3233 certo
1708 3184 1884 3234 habeo.
1918 3186 2079 3252 Qiare}
2110 3201 2237 3232 nova

1248 3252 1420 3325 species
1440 3253 1701 3305 aedificandi
1729 3253 1921 3306 suborta
1940 3257 2005 3306 eli:
2022 3292 2038 3313 ,
2073 3268 2233 3304 muta*

2171 3339 2231 3374 tls
