2482 3742
665 236 1047 292 CAPZ)

82 302 254 360 incensi
274 340 290 362 ‚
326 316 379 354 ut
407 320 536 350 num.
562 304 605 350 2'.
625 307 771 371 pallio
793 303 1045 372 tunicaque

81 374 277 425 candidii
294 370 497 440 infigniS,
509 373 558 422 ὃ(
574 375 829 441 pendulam
851 375 907 424 ab
923 389 1047 424 utro-

80 464 169 514 que
213 446 408 493 humero
435 439 599 492 stolam
618 449 864 496 caeruleam
879 464 1045 514 gerens

79 520 102 573 (
121 534 264 584 quem
283 513 500 567 habitum
529 516 750 565 omnibus
769 518 966 585 Angelis
996 518 1043 563 in

77 588 168 639 hoc
194 601 335 653 opere
367 583 533 632 datum
563 585 819 651 videmus)
856 587 1043 635 Zacha-

79 659 200 708 riam
223 656 509 722 alloquitur,
526 655 606 722 qui
623 675 791 707 croceo
809 659 954 726 pallio
976 670 1047 704 tu-

76 728 235 780 nicam
257 724 495 775 albentem
519 730 734 794 cooperit
750 763 766 785 ‚
803 729 941 794 eique
961 725 1046 773 filii

78 796 300 845 nascituri
332 795 493 843 laudes
529 800 782 851 enunciare
821 798 1043 847 videtur.

78 875 135 919 In
159 865 342 915 fimbria
365 866 503 924 vestis
524 869 766 936 Angelicae
795 866 922 916 adest
942 885 1044 915 mo-

78 955 353 1007 nogramma
383 942 420 988 I.
454 937 581 1004 quod
610 940 756 987 etiam
790 954 1043 988 commune

76 1010 141 1059 est
166 1010 302 1058 alteri
326 1010 517 1076 Angelo
546 1005 628 1056 sub
658 1028 788 1057 num.
807 1029 853 1073 4.
873 1008 1042 1076 prioris

78 1081 231 1128 veluti
257 1080 422 1126 comiti
446 1114 455 1124 .
487 1082 543 1127 In
564 1079 652 1127 hoe
676 1079 1040 1146 hieroglyphico

76 1147 501 1197 animadvertenda
533 1148 597 1197 est
630 1150 823 1203 PiCtoris
854 1147 1042 1197 solertia

78 1223 124 1267 in
143 1219 343 1268 locando
362 1220 529 1267 Altare
546 1217 728 1267 Incensi
743 1254 759 1275 ,
784 1219 911 1284 quod.
928 1237 1041 1265 con-

78 1291 214 1339 cinne
239 1285 500 1356 expressum
517 1284 610 1333 fuit
629 1323 640 1334 .
679 1287 856 1336 Confer
873 1290 1043 1335 enirn...»

75 1357 325 1409 aedificium
354 1372 396 1415 3.
418 1355 606 1420 hujusce
628 1359 801 1425 partis,
822 1375 915 1423 quo
935 1359 1046 1405 alta·-

75 1449 124 1479 re
150 1426 436 1497 significatur
451 1463 468 1485 ‚
496 1445 603 1475 curn
623 1425 821 1476 aedificio
843 1445 972 1476 num,
994 1433 1040 1476 8.

78 1502 218 1570 partis
253 1497 456 1547 adversae
483 1534 499 1555 ,
538 1516 618 1564 per
648 1497 776 1564 quod
804 1499 1042 1567 templum

74 1583 298 1628 notatur,
337 1570 385 1618 ὃς
415 1567 598 1616 videbis
633 1569 813 1636 templo
848 1568 1043 1636 quidem

77 1642 283 1711 praeponi
310 1640 545 1707 porticum
565 1673 580 1695 ,
617 1639 666 1687 ὃ(
693 1638 862 1706 gradus
889 1636 1045 1686 ascenq

75 1710 215 1762 lionis
237 1707 491 1757 substerni:
531 1709 697 1756 Altare
727 1706 843 1758 vero
863 1704 1046 1757 Incensi

76 1799 159 1851 per
181 1779 539 1837 tabernaculum
558 1778 768 1827 exhiberi
787 1815 803 1836 ,
841 1776 873 1826 fi
898 1797 955 1827 ex
974 1797 1049 1827 ca-

76 1854 174 1920 pite
193 1869 274 1913 40.
302 1848 454 1897 Exodi
477 1847 681 1896 formam
698 1849 826 1896 illius
846 1850 1045 1917 repetis3

73 1921 141 1974 ibi
167 1922 295 1970 enim
322 1920 499 1987 legitur
518 1941 528 1966 :
566 1919 716 1986 Pofitit
732 1923 786 1969 Θ·
806 1920 961 1968 Alcare
978 1936 1045 1966 au-

71 1991 279 2060 reumsub
296 1991 403 2041 ῐεὲἷο
426 1989 672 2039 teft'imonii
700 2006 845 2037 contra
865 1993 1042 2048 velum,

76 2069 131 2114 Θ
151 2062 349 2112 adolevit
354 2061 480 2129 super
499 2080 542 2109 eo
558 2061 770 2128 incenfitm
791 2077 1042 2117 aromatum,

69 2133 366 2203 ficutjuffirat
381 2132 594 2190 Dominus
611 2130 785 2198 Moysi.
820 2132 971 2199 Positit
989 2134 1043 2180 (J

73 2209 304 2261 tentorium
326 2208 373 2251 in
398 2206 580 2251 introitu
599 2200 885 2257 Tabernaculi
912 2202 1043 2251 teili-

78 2279 236 2324 monii.
255 2271 537 2322 Notandum
557 2270 621 2319 est
636 2308 652 2329 ,
679 2271 775 2320 duo
795 2268 926 2319 fuisse
947 2272 1042 2318 Ta-

76 2344 354 2402 bernacula‚
377 2357 431 2390 ut
450 2342 626 2397 indicat
645 2346 704 2390 D.
724 2342 891 2398 Paulus
918 2344 1046 2408 Apo<

76 2413 219 2463 stolus
257 2416 337 2482 qui
372 2414 514 2462 toties
546 2429 598 2460 ea
626 2412 752 2461 vidit
787 2414 833 2458 in
863 2411 946 2479 Ep.
983 2410 1043 2459 ad

76 2482 228 2535 Hebr.
252 2501 350 2550 cap.
362 2503 411 2545 9.
437 2482 775 2533 Tabernaculum
804 2488 917 2531 enim
938 2482 1040 2537 (in-

75 2555 216 2621 quit)
239 2551 413 2621 filiium
433 2554 500 2607 ‚eff
509 2557 698 2618 primum
711 2590 726 2612 ‚
761 2561 810 2604 in
827 2574 903 2622 quo
921 2568 1042 2602 erant

76 2623 330 2675 candelabra
343 2659 358 2681 ,
395 2626 450 2673 Θ
469 2624 607 2690 menfiz
621 2659 636 2680 ‚
664 2624 948 2692 &propositio
958 2637 1040 2688 pa-

78 2715 177 2744 num
203 2730 219 2754 ,
253 2713 337 2762 qus:
364 2694 525 2742 dicitnr
550 2694 584 2743 S
587 2693 711 2747 alifia
730 2731 740 2739 .
780 2697 889 2755 Poft'
916 2696 1040 2744 vela-

78 2783 262 2816 mentum
279 2780 416 2813 autem
430 2764 660 2832 ficundum
676 2763 1013 2814 Tabernaculum
1025 2800 1040 2824 ,

76 2837 191 2906 quod
211 2836 374 2884 dicitur
394 2834 554 2884 Saucia
572 2835 846 2892 Sanfiorum,
870 2853 1040 2889 aureum

77 2907 235 2959 habens
259 2904 520 2954 thuribulum
542 2908 631 2955 (Tc.
660 2907 931 2954 Secundum
956 2905 1044 2952 hoc

78 2976 463 3026 'sabernaculum
495 2978 519 3023 ἐι
542 2975 723 3031 Ρίἐὶοῑε
746 2971 838 3022 fuit
859 2972 1044 3042 expres-

78 3045 182 3097 sum
194 3082 210 3104 ,
236 3063 325 3114 prae
345 3041 522 3100 foribus
538 3047 742 3111 pendens
762 3045 932 3094 habens
949 3063 1045 3101 vas,

77 3129 222 3186 prout
245 3118 292 3171 in
317 3116 450 3163 icone
475 3116 501 3163 a
528 3113 662 3164 nobis
691 3116 934 3173 exhibita„
963 3113 1047 3163 ubi

80 3192 202 3239 inter
221 3187 316 3243 veli
331 3222 346 3243 ,
377 3182 474 3232 five
501 3186 693 3239 tentorii
712 3183 833 3234 smus
851 3184 908 3240 ab
930 3199 1050 3232 utra-

80 3275 170 3327 que
199 3268 327 3323 parte
357 3254 576 3319 collthos
602 3256 734 3304 idem
759 3273 838 3305 vas
864 3255 1044 3324 pendu-

1122 236 1167 287 T
1268 233 1322 286 X
1338 234 1389 286 Χ
1400 234 1427 284 Ι
1438 233 1475 285 Ι.
1974 261 1996 289 2
2008 263 2066 302 07

1099 306 1200 359 lum
1228 324 1320 354 non
1350 310 1489 354 valde
1516 303 1728 359 absimile
1756 308 1876 365 illis,
1902 311 2070 375 quibus

1100 377 1365 425 etiamnum
1394 379 1574 425 utimur
1603 379 1649 423 in
1672 378 1807 426 thure
1831 377 2067 429 adolendo

1097 448 1329 503 cernitur.
1359 449 1468 513 Qia
1490 448 1548 502 de
1568 449 1785 515 reJulius
1802 448 2071 501 Morofinus

1098 521 1312 571 Venetus
1329 519 1376 564 in
1398 515 1687 566 Bibliotheca
1717 520 1951 568 Vaticana
1969 522 2070 571 He-

1098 584 1330 635 braeorum
1348 587 1589 635 Codicum
1614 591 1879 656 Interpres‚
1894 591 1944 639 ὃς
1958 593 2070 639 San-

1097 656 1180 705 &ae
1216 658 1385 724 linguae
1417 659 1464 703 in
1493 656 1693 709 Urbano
1727 661 1950 728 Collegio
1982 661 2070 713 de,

1097 726 1403 794 Propaganda
1435 726 1550 775 Fide
1583 727 1786 786 Lestor,
1824 728 2069 781 consulen-

1097 795 1183 844 dus
1202 795 1265 845 est
1281 799 1328 843 in
1349 794 1430 845 suo
1448 795 1677 844 Tratstatu
1691 800 1855 847 Italic&
1872 800 2070 850 conscri—

1096 880 1201 934 pto:
1234 869 1319 919 Via
1344 869 1458 917 della
1472 867 1581 919 Fede
1599 870 1809 917 moi‘irnta
1830 872 1911 919 alli
1938 872 2068 923 Ebrei

1096 955 1294 1005 cap.41.
1324 939 1422 1004 Qi
1441 938 1576 1005 plura
1605 940 1766 1005 cupit,
1798 940 1936 987 adeat
1960 947 2068 992 Ma-

1094 1010 1223 1056 rium
1252 1010 1299 1055 in
1320 1005 1409 1056 suis
1429 1011 1762 1059 Commentariis
1788 1016 1837 1059 in
1861 1012 2071 1064 Sacrani,

1094 1079 1357 1145 Scripturam
1381 1097 1479 1147 cap.
1505 1093 1583 1135 30.
1617 1081 1768 1127 Exod.
1795 1079 1914 1129 vers.
1933 1094 1981 1132 6.
2021 1088 2072 1135 &

1096 1149 1217 1216 seqq.
1244 1148 1325 1196 ubi
1357 1148 1676 1196 discutiuntur
1708 1151 1955 1216 opiniones
1983 1155 2071 1204 de„

1097 1222 1202 1268 loco
1226 1220 1404 1267 Altaris
1427 1216 1607 1267 Incensi
1624 1254 1639 1275 ,
1657 1220 1706 1268 &
1728 1223 1785 1267 de
1806 1223 1961 1269 Altari
1980 1259 1994 1280 ,
2022 1227 2070 1271 in

1097 1307 1191 1355 quo
1213 1288 1380 1337 beatus
1395 1290 1649 1336 Zacharias
1671 1303 1802 1356 pater
1821 1294 2073 1358 S.Joannis

1098 1357 1312 1425 Baptistae
1341 1356 1585 1406 incensum
1616 1359 1831 1408 adolevit
1849 1396 1859 1406 .

1165 1430 1255 1476 Sex
1287 1445 1386 1494 quae
1424 1430 1472 1476 in
1503 1428 1592 1475 hoc
1624 1428 1790 1477 ordine
1830 1428 2074 1498 supersunt

1097 1501 1253 1570 figurae
1272 1534 1288 1556 ,
1325 1517 1433 1548 meo
1463 1496 1658 1566 quidem
1675 1500 1859 1562 judicio
1879 1500 1938 1548 ad
1959 1520 2072 1570 my-

1101 1572 1293 1621 sterium
1319 1570 1584 1618 Dominicoe
1606 1572 1946 1639 Conceptionis
1967 1592 2072 1640 per-

1101 1644 1284 1700 tinent3
1322 1642 1522 1707 Spiritus
1547 1640 1744 1688 Sanctus
1764 1658 1808 1701 5.
1838 1643 1887 1690 ὃς
1912 1646 2072 1710 Ange-

1101 1714 1170 1762 lus
1186 1708 1382 1758 Gabriel
1400 1720 1449 1758 6.
1471 1711 1528 1757 de
1547 1711 1689 1758 Coelo
1710 1709 2043 1762 descendentes
2058 1748 2070 1760 .-

1101 1783 1238 1832 Idem
1255 1778 1452 1828 Gabriel
1477 1782 1689 1846 Angelus
1713 1798 1758 1839 7.
1779 1794 1915 1828 tantae
1946 1783 2068 1850 lega-

1098 1852 1238 1905 tionis
1264 1850 1473 1898 minister
1504 1851 1552 1897 in
1581 1851 1688 1899 loco
1722 1868 1768 1908 7.
1800 1849 1917 1899 stans
1952 1854 2069 1901 allo-

1097 1924 1258 1989 quitur
1291 1922 1547 1987 Virginem
1567 1955 1582 1978 ,
1619 1938 1720 1985 quae
1751 1933 1804 1967 ut
1834 1919 2069 1981 arbitror,

1100 2010 1179 2061 per
1213 1991 1471 2058 imaginem
1499 1996 1547 2039 84
1576 2004 1765 2038 notatur
1789 1988 1952 2039 sedens
1970 2028 1985 2049 ,
2020 1995 2070 2042 &

1098 2067 1275 2111 intenta
1295 2062 1455 2108 nuncii
1479 2057 1662 2113 verbis,
1692 2064 1820 2122 cujus
1841 2059 1978 2109 vestis
2005 2065 2071 2110 31·

1098 2149 1196 2182 tera
1218 2130 1417 2179 candida
1442 2129 1506 2177 est
1523 2166 1539 2187 ,
1575 2130 1719 2180 altera
1748 2148 1909 2189 crocea
1927 2168 1942 2189 ‚
1975 2150 2072 2181 mo-

1097 2204 1277 2268 nilique
1299 2202 1499 2269 gemmis
1520 2197 1845 2248 discriminato
1865 2204 2072 2251 circum-

1099 2275 1265 2323 datur.
1305 2276 1415 2319 Duo
1450 2271 1519 2317 illi
1549 2272 1573 2318 a
1604 2283 1739 2338 tergo
1761 2273 1960 2337 Spiritus
1989 2274 2070 2321 ad-

1097 2344 1217 2394 stant
1232 2362 1281 2403 9.
1295 2362 1312 2390 1
1326 2364 1369 2391 o.
1391 2338 1485 2389 five
1503 2338 1740 2389 Gabrielis
1758 2337 1955 2399 asseclae,
1972 2339 2070 2392 sive

1098 2415 1314 2481 Deiparae
1342 2410 1553 2460 custodes
1572 2446 1588 2467 ,
1627 2426 1707 2458 aut
1732 2409 1890 2479 potitis
1917 2414 2068 2460 incar-

1096 2499 1206 2533 nato
1226 2498 1337 2531 tunc
1360 2479 1525 2532 Verbo
1543 2480 1823 2547 obsequium
1848 2480 2073 2531 exhiben-

1096 2570 1163 2604 tes
1181 2590 1195 2610 ‚
1234 2568 1288 2602 ut
1311 2554 1467 2601 innuit
1487 2555 1528 2599 S.
1549 2550 1750 2618 August.
1781 2553 1826 2599 in
1846 2552 1962 2598 Psal.
1987 2564 2066 2612 56⁶.

1096 2628 1217 2673 circa
1235 2624 1450 2673 medium
1472 2620 1563 2670 ibi:
1599 2622 1758 2671 Omnes
1777 2626 1891 2671 enim
1907 2625 2074 2690 Angeli

1095 2712 1284 2744 creatura
1299 2697 1505 2761 firviens
1536 2694 1715 2744 Christo
1745 2694 1834 2741 σθ’.
1865 2693 1948 2741 Ad
1960 2693 2072 2762 obſse-

1093 2771 1235 2835 quium
1256 2770 1376 2814 mitti
1394 2779 1618 2829 potuerunt
1635 2764 1802 2829 Angeli
1815 2797 1830 2818 ,
1858 2763 2073 2830 adsbrvi‘

1097 2841 1208 2886 tium
1245 2840 1368 2885 mitti
1395 2849 1625 2899 potuerunt
1643 2868 1658 2890 ,
1698 2852 1779 2880 non
1817 2833 1878 2881 ad
1906 2834 2072 2897 adjuto-

1097 2912 1237 2955 rium:
1262 2907 1378 2974 ‘ficut
1391 2905 1602 2971 scriptum
1631 2905 1697 2961 ef}
1721 2939 1736 2960 ,
1772 2904 1884 2971 quod
1909 2907 2074 2968 Angeli

1100 2974 1414 3025 miniflrabant
1444 2979 1484 3023 ei
1507 3010 1522 3031 ,
1560 2992 1642 3022 non
1668 2991 1870 3041 tanquam
1902 2974 2070 3038 mistri-

1099 3047 1240 3096 cordes
1269 3045 1490 3114 indigenti
1511 3080 1527 3101 ,
1549 3045 1635 3111 sed
1658 3060 1868 3113 tamquam
1880 3042 2070 3110 sztbjeHi

1101 3118 1428 3181 Omnipotenti.
1470 3119 1706 3164 Caeterum
1734 3131 1790 3161 ex
1809 3114 1897 3159 hoc
1924 3113 2070 3159 etiarn

1102 3184 1401 3256 probandum
1435 3183 1499 3233 est
1525 3186 1718 3233 Pistoris
1750 3181 2034 3248 ingenium-2
2053 3218 2070 3239 ,

1098 3257 1226 3326 quod
1251 3271 1304 3305 ut
1322 3256 1605 3322 Angelicam
1621 3266 1840 3299 naturam
1860 3254 2070 3320 corporis

1988 3339 2068 3370 ex-⁵
