2425 3747
738 247 1385 304 CAPUTI.
2041 272 2064 314 ς

63 330 114 378 ἃ
140 341 371 396 magnum
397 320 610 370 foramen
628 351 644 373 2
670 316 769 370 slve
783 316 1034 369 fenestram

61 397 278 447 reliRam
293 432 310 454 ,
336 391 461 443 unde
477 390 615 438 unic&
633 393 809 454 Celum
826 392 1033 449 intueri,

61 469 110 519 ἃ
127 468 322 535 auguria
347 463 450 529 capi
468 455 679 528 poffent3
711 475 765 508 ut
780 458 1031 511 observare

62 537 129 587 est·
143 542 308 586 Romae
324 536 371 584 in
394 529 707 579 celeberrimo
724 532 933 581 Pantheo
947 568 962 589 ,
979 550 1031 581 ac

62 609 111 658 in
137 606 321 673 templo
348 603 577 658 Romuli,
602 615 684 649 aut
706 598 810 650 falfi
839 604 1031 650 alterius

62 678 269 727 numinis
280 711 296 733 ,
310 671 439 742 quod
455 671 608 720 adhuc
622 673 865 739 integrum
883 685 1031 730 extat,

60 751 110 799 ὃς
146 750 195 795 in
222 744 458 799 vestibulo
486 739 701 794 Ecclesiae
720 745 794 790 SS.
812 741 997 793 Cosmae
1019 778 1035 800 ‚

60 821 109 868 ὃς
127 817 352 870 Damiani
376 817 424 862 in
439 818 560 862 Foro
580 814 749 862 Boario
767 849 778 859 .

130 882 537 953 Qandoquidem
575 882 879 932 Gabinorum
914 884 1035 949 lapi-

61 959 179 1008 dum
195 957 494 1005 mentionem
520 949 720 1002 fecimus
732 990 746 1011 ,
774 957 798 1003 a
813 952 940 1003 ῑεὲὶέἱ
956 951 1037 1001 via*

61 1025 297 1101 paulisper
326 1023 579 1073 deflectere
615 1024 749 1073 nobis
769 1026 911 1072 liceat
925 1060 941 1081 ,
979 1023 1036 1071 n&

59 1097 176 1166 quid
209 1098 490 1144 omittamus
506 1130 521 1152 ,
545 1094 674 1161 quod
699 1096 939 1162 explicatu
964 1092 1036 1141 di·

57 1185 209 1238 gnum
225 1164 299 1223 fit,
315 1168 395 1215 vel
413 1164 710 1222 eruditionis,
724 1166 804 1214 vel
822 1166 938 1213 lucis
953 1181 1032 1212 ne-

58 1234 255 1289 cessariae
268 1234 579 1285 acceffionem
591 1232 744 1284 facere
765 1233 919 1304 poffit.
935 1237 1033 1283 Ga-

60 1309 197 1357 binus
227 1309 384 1374 itaque
401 1306 516 1375 lapis
537 1302 750 1371 ejusdem
778 1303 947 1372 speciei
967 1303 1034 1355 est

58 1398 112 1428 ac
124 1375 341 1426 Albanus
355 1412 371 1434 ,
401 1393 545 1442 quem
563 1394 645 1424 nos
662 1377 773 1425 Itali
803 1393 1032 1425 vocamus

59 1451 294 1515 Peperino,
332 1448 381 1496 &
411 1464 468 1495 ex
490 1449 622 1514 Agro
637 1445 821 1516 Oppidi
838 1448 1029 1495 Mareni

57 1519 222 1570 nostris
246 1516 411 1567 diebus
431 1515 680 1566 effoditur:
721 1534 863 1585 quare
880 1514 914 1565 fi
944 1519 1031 1565 in-„2

59 1589 450 1639 denominatione
523 1589 756 1656 placitum
811 1591 1031 1655 antiquo-

59 1679 168 1710 rum
182 1656 310 1727 sequi
331 1659 537 1709 velimus
550 1695 564 1716 ,
580 1659 696 1728 lapis
713 1661 939 1708 Marenus
956 1659 1036 1708 de-

61 1727 375 1778 nominandus
396 1725 535 1785 effet,
565 1728 675 1777 cum
711 1731 893 1797 antiqui
926 1731 1041 1797 lapi-

62 1800 227 1858 dibus,
261 1797 600 1867 &lapicidinis
628 1801 823 1847 nomina
853 1799 1037 1850 indide-

60 1873 157 1920 rint
186 1873 212 1918 ἐι
238 1868 610 1937 proximioribus
641 1872 754 1917 locis
772 1905 782 1915 .
823 1868 1038 1919 Gabinus

58 1953 222 1989 autem
238 1940 354 2007 lapis
370 1935 531 1986 differt
553 1937 610 1986 ab
626 1936 818 1988 Albano
842 1940 888 1986 in
906 1939 1036 1989 duri-

59 2012 125 2059 tie
142 2046 157 2068 ,
185 2011 294 2076 quia
310 2007 391 2058 iste
411 2009 605 2059 mollior
621 2045 637 2071 ,
659 2009 740 2059 ille
758 2008 922 2059 durior
942 2011 1034 2069 est,

59 2082 226 2148 utpote
253 2081 333 2145 qui
360 2077 516 2128 silicea
551 2078 766 2147 quaedam
799 2076 1034 2131 frustulam

61 2146 258 2199 diversae
288 2149 629 2215 magnitudinis
662 2150 946 2209 interclusa,
984 2155 1033 2203 &

61 2221 336 2270 inhaerentia
351 2221 594 2269 contineat
611 2257 621 2267 .
643 2221 912 2270 Praecitatus
928 2226 1034 2271 Sca-

61 2291 274 2341 mozzius
300 2289 551 2349 observat,
578 2289 756 2356 lapides
784 2292 808 2339 ὲ
838 2296 1036 2360 propriis

60 2359 327 2428 lapicidinis
348 2357 563 2420 avulsos,
591 2363 778 2427 aerique
802 2362 1035 2430 expolitos

61 2434 177 2481 alios
191 2428 489 2480 indurescere
503 2467 519 2488 ,
543 2432 658 2479 alios
675 2433 790 2480 vero
808 2437 1034 2500 temporis

62 2497 298 2572 progressu
315 2499 359 2550 se
375 2503 704 2552 comminuere
721 2538 737 2561 ‚
756 2516 810 2550 ut
825 2502 869 2552 se
890 2502 1032 2553 habet

61 2572 143 2623 iste
159 2575 408 2622 Marenus.
431 2574 547 2621 Haec
563 2571 746 2622 obiter.
771 2577 956 2622 Iterum
974 2574 1032 2625 ad

60 2641 264 2694 Delubri
304 2643 675 2710 explicationem
712 2646 1033 2702 revertimur,

63 2713 123 2763 de
149 2731 269 2781 qua,
295 2727 349 2761 ut
375 2712 613 2770 diximus,
645 2733 763 2765 voce
792 2716 839 2763 in
860 2715 1031 2765 eadem

62 2786 169 2852 lege
191 2782 243 2831 fit
259 2786 443 2833 mentio
462 2820 472 2831 .

132 2853 408 2904 Delubrum
424 2855 541 2904 nihil
558 2854 687 2904 aliud
705 2852 792 2905 effe
808 2892 824 2913 ‚
852 2853 937 2903 nisi
957 2858 1033 2903 Sa-

61 2927 288 2985 crarium,
300 2926 347 2972 in
361 2943 453 2991 quo
470 2929 605 2974 Sacra
622 2924 821 2994 reposita
839 2925 1037 2974 afferva-

63 2995 237 3045 bantur
250 3031 266 3054 ,
296 3013 492 3064 arguere
508 2993 743 3063 possumus
761 3015 819 3046 ex
837 3000 897 3045 D.
917 2998 1037 3045 Hie-

62 3084 274 3134 ronymo
290 3103 307 3125 ,
332 3068 413 3132 qui
428 3068 634 3134 inJoelis
649 3068 818 3136 Proph.
836 3064 1033 3135 exposit.

63 3136 158 3186 haec
179 3139 272 3187 ait:
315 3137 586 3205 Vespafianus
621 3141 676 3188 Φ
695 3139 825 3192 Titus
839 3174 854 3195 ,
890 3139 1034 3190 Romae

65 3210 220 3271 templo
263 3209 392 3259 Pacis
429 3208 634 3278 aedificato
659 3245 674 3267 ‚
722 3211 833 3278 vafiz
882 3212 1032 3274 templi

65 3275 537 3346 (Hierosolymitani
555 3289 575 3343 )
601 3281 656 3329 (Y
674 3281 882 3349 univerfh
896 3281 1027 3329 dona-

1087 327 1157 372 ria
1169 323 1217 368 in
1236 318 1453 369 Delubro
1471 319 1596 369 illius
1622 321 1915 387 consbcmrunt
1931 358 1942 370 .
1984 325 2062 369 Sa-

1088 410 1164 440 cra
1181 405 1343 439 tamen
1369 391 1450 438 illa
1467 387 1661 438 aedificia
1679 387 1812 439 fuisse
1841 408 2061 439 commu-

1087 466 1192 510 nior
1219 458 1452 509 sententia
1480 458 1577 517 est,
1615 478 1716 527 quae
1745 462 1902 528 plures
1937 465 2063 511 Deo-

1085 550 1194 582 rum
1221 532 1360 580 cellas
1381 531 1565 599 templo
1594 530 1806 588 additas,
1845 531 1904 580 ad
1921 533 2061 581 instar

1086 601 1348 652 nostrarum
1381 602 1705 668 cappellarum
1727 601 2064 651 continebant.

1090 674 1293 723 Illorum
1322 668 1655 721 definitionem
1684 670 1818 721 affert
1855 675 2067 741 Qiintus

1091 742 1326 792 Asconius
1350 778 1366 799 ,
1404 743 1484 808 qui
1517 738 1670 790 afferit
1700 741 1913 790 Delubra
1949 741 2067 795 effe„

1090 815 1353 862 multarum
1381 811 1556 860 aedium
1573 813 1963 877 conjunctionem
1981 812 2064 862 sub

1090 902 1185 933 uno
1217 883 1343 932 testo
1378 882 1405 932 ἑιῗ
1437 881 1624 931 diluvio
1653 884 1828 952 pluviae
1859 887 2065 933 munita-

1088 973 1197 1004 rum
1214 991 1225 1001 .
1267 955 1404 1001 Plura
1425 989 1441 1010 ,
1462 949 1497 1001 fi
1516 951 1636 1002 libet
1652 990 1667 1012 ,
1685 953 1797 1002 vide
1819 954 1944 1022 apud
1963 974 2066 1003 eru-

1088 1021 1374 1074 ditiffimum
1406 1022 1766 1073 Gothofredum
1799 1026 1857 1073 ad
1884 1025 2063 1074 diciam

1089 1097 1121 1144 l.
1144 1113 1169 1143 2
1182 1112 1225 1155 5.
1248 1095 1300 1142 de
1315 1095 1510 1161 Paganis
1524 1129 1534 1139 .

1158 1166 1246 1216 Pro
1279 1162 1482 1213 Delubri
1521 1164 1785 1231 exemplari
1816 1161 2010 1212 affertur
2040 1170 2067 1216 εὶ

1086 1235 1222 1287 nobis
1251 1231 1497 1303 praefatum
1523 1234 1771 1300 inclytum
1789 1234 2030 1284 Pantheon
2049 1272 2065 1294 ,

1086 1305 1214 1374 quod
1231 1307 1352 1353 Plin.
1372 1304 1450 1355 lib.
1472 1311 1550 1362 36⁴.
1572 1320 1657 1370 cap.
1671 1325 1687 1352 1
1702 1322 1746 1365 5.
1760 1307 1878 1374 Jovi
1898 1306 2064 1357 Ultori

1087 1377 1145 1425 ab
1165 1379 1379 1446 Agrippa
1396 1372 1596 1432 facium,
1614 1377 1741 1424 Dion
1759 1376 1877 1424 vero
1894 1375 2006 1437 lib.5
2019 1391 2062 1434 3.

1087 1447 1144 1496 ab
1162 1449 1378 1516 Agrippa
1394 1443 1661 1514 perfeRUm
1679 1442 1879 1495 afferunt
1895 1482 1910 1504 ,
1926 1461 2066 1514 atque

1086 1536 1201 1569 cum
1225 1517 1486 1565 limulacris
1515 1518 1715 1574 Martis,
1751 1519 1802 1566 ὃς
1834 1519 2066 1575 Veneris,

1087 1589 1260 1638 multas
1275 1624 1290 1645 ,
1313 1590 1362 1638 &
1386 1588 1503 1656 pen&
1520 1606 1686 1636 omnes
1704 1587 1864 1636 Deum
1894 1590 2065 1656 imagi-

1088 1679 1169 1709 nes
1195 1658 1403 1707 eundem
1432 1655 1657 1727 posuiffe3
1694 1658 1753 1706 ad
1771 1677 1881 1725 quas
1907 1660 2067 1707 conci-

1091 1729 1269 1779 liandas
1283 1730 1586 1778 auctoritates
1602 1729 1936 1778 cumNardino
1947 1729 2067 1778 lib.6

1092 1821 1131 1849 c.
1150 1821 1196 1864 4.
1214 1796 1419 1869 proferre
1435 1800 1651 1848 valemus
1667 1800 1905 1867 templum
1927 1800 2065 1867 long&

1093 1868 1356 1935 antiquius,
1390 1873 1532 1936 quam
1563 1884 1833 1936 porticum,
1864 1867 2062 1917 aedifica-

1088 1956 1194 1989 tum
1209 1936 1416 1997 fuiffe,ut
1430 1937 1526 2008 ipse
1545 1940 1933 1989 architecionicus
1947 1939 2065 1987 ordo

1089 2010 1382 2061 demonstrat
1411 2034 1425 2072 3
1475 2028 1587 2058 nam
1628 2012 1836 2077 porticus
1874 2011 2064 2058 meliori

1086 2079 1242 2132 forma
1270 2082 1544 2138 coiitrucia,
1583 2081 1682 2127 imo
1708 2083 1732 2130 a
1754 2081 1937 2147 templo
1973 2077 2065 2128 dis-

1085 2153 1245 2218 junchi
1285 2150 1579 2201 intuentibus
1631 2149 1881 2200 clarissime
1923 2169 2063 2218 appa-.

1089 2237 1161 2274 ret
1180 2259 1189 2269 .
1213 2222 1449 2273 Visuntur
1466 2221 1619 2270 adhuc
1637 2236 1736 2270 tam
1755 2224 1879 2269 intus
1892 2257 1907 2278 ,
1921 2225 2063 2287 quam

1090 2308 1224 2344 extra
1241 2294 1476 2342 nonnullae
1502 2293 1685 2341 cellulae
1701 2328 1716 2349 ,
1746 2294 1793 2339 in
1809 2290 1978 2358 quibus
1992 2292 2062 2358 ip·-

1090 2363 1250 2414 sorum
1289 2369 1506 2412 Deorum
1544 2364 1774 2430 imagines
1807 2358 2067 2428 antiquitus

1087 2436 1339 2483 collocatas
1354 2431 1487 2481 fuiffe
1503 2468 1518 2490 ,
1535 2431 1762 2481 credibile
1780 2430 1859 2480 est.
1879 2428 2066 2480 Idcirco

1086 2524 1180 2553 non
1199 2502 1352 2552 solum
1369 2503 1765 2572 Ichnographiam
1781 2539 1797 2560 ,
1816 2503 1864 2552 &
1885 2501 2063 2551 Ortho-

1084 2576 1330 2644 graphiam
1347 2610 1362 2632 ,
1393 2573 1474 2622 sed
1493 2576 1640 2622 etiam
1662 2572 2062 2642 Scenographiam

1086 2643 1301 2708 ejusdem
1333 2645 1524 2693 exibere
1565 2646 1810 2693 voluimus
1841 2679 1856 2700 ,
1896 2655 1950 2689 ut
1983 2643 2063 2707 qui

1087 2720 1298 2766 Romam
1314 2734 1407 2763 non
1426 2712 1710 2772 inviserunt,
1730 2713 1897 2783 figuras
1912 2709 2067 2761 obser-

1089 2787 1248 2837 vando
1264 2822 1279 2844 ,
1314 2782 1401 2834 suae
1419 2785 1679 2834 curiositati
1712 2785 1961 2851 indulgere
1983 2801 2065 2830 va-

1089 2859 1243 2915 leant,
1273 2858 1390 2905 utin
1409 2856 1605 2905 TabJI.
1622 2853 1705 2902 sub
1722 2858 1821 2923 Fig.
1846 2874 1885 2903 1.
1906 2873 1950 2900 2.
1971 2868 2013 2911 3.

1159 2930 1413 2995 Coopertis
1434 2929 1580 2995 igitur
1605 2928 1828 2995 templis,
1855 2938 1909 2971 ut
1928 2923 2062 2990 supra

1089 3001 1387 3048 narravimus
1402 3035 1417 3056 ,
1439 2996 1548 3046 cum
1565 2999 1755 3045 nullum
1777 2991 1977 3064 amplius
1996 2990 2062 3038 fa-

1089 3088 1206 3118 num
1223 3073 1346 3119 inter
1361 3105 1377 3126 ,
1403 3070 1453 3119 &
1470 3071 1710 3137 templum
1729 3066 1979 3117 discrimen
1994 3057 2062 3109 es·

1086 3138 1153 3188 set
1168 3178 1184 3199 ,
1202 3138 1297 3188 fani
1313 3139 1606 3189 vocabulum
1628 3136 1793 3188 ienfim
1808 3128 2063 3183 obsolevis—

1083 3209 1147 3268 se,
1162 3211 1376 3278 illudque
1397 3212 1568 3278 templi
1584 3202 1791 3256 manfiffe
1808 3203 2060 3253 credimus.

1083 3283 1265 3331 Eorum
1282 3281 1399 3334 vero
1425 3282 1722 3348 templorum
1740 3273 1903 3327 formae
1930 3276 1956 3322 ἒι
1970 3273 2059 3352 Χῖοὶ-

1895 3359 2059 3391 truvio
