2425 3747
72 326 237 402 ''gitasse
251 368 267 391 ,
298 328 350 383 δέ
369 329 590 400 operibus
606 327 756 396 Xysti
774 333 839 379 V.
861 330 915 378 e}
936 345 1057 380 tem·

70 400 250 472 pestate
271 403 504 459 sedentis,
534 396 793 469 apposuisse
813 421 824 448 :
847 397 957 449 cum
979 420 1056 449 au-

69 471 259 541 gustam
309 474 427 522 tanti
465 468 703 519 Pontificis
748 470 1054 541 magnificen-

65 544 193 591 tiam
208 541 445 613 aptiffimo
471 541 844 610 hieroglyphico
865 541 1056 590 nobilis-

68 610 313 681 simoque,
343 631 529 662 necnon
560 610 772 678 ejusdem
805 610 1053 683 Infignia..

65 685 312 751 gentilitia
331 684 513 734 Leones
534 684 859 751 exprimerent
874 719 884 730 .

137 751 390 805 Hastenus
408 754 467 804 de
487 752 727 804 Leonibus
755 756 1020 821 generatim
1035 789 1053 811 ,

64 824 117 871 in
134 824 305 892 quibus
324 842 497 893 nempe
517 826 633 873 locis
652 825 772 873 olim
793 826 901 887 illos
917 837 1049 892 apta-

61 908 248 944 remos
266 894 415 944 fuerit
431 931 442 941 .
483 896 729 964 Pergimus
757 895 904 944 modo
924 894 1050 942 unde

61 963 255 1033 digreffi
284 963 475 1023 sumus,
508 964 567 1014 ad
590 967 772 1015 Leones
790 967 1050 1022 nimirum,

61 1054 272 1103 quorum
306 1035 460 1085 adhuc
493 1033 694 1084 vifibilis
719 1039 767 1083 in
790 1035 929 1089 Urbe
956 1052 1051 1082 me-

58 1107 218 1154 moria
248 1105 455 1174 superest
475 1143 485 1153 .
526 1108 573 1154 Si
600 1105 659 1154 ad
678 1103 893 1172 superius
920 1104 1047 1162 dista

55 1175 359 1225 :reflectimus
376 1214 393 1234 ,
432 1176 640 1225 duorum
670 1177 719 1221 in
737 1177 886 1244 Regia
903 1182 1045 1240 janua

56 1245 278 1296 Ecclesiae
298 1250 341 1295 S.
365 1247 612 1295 Laurentii
642 1246 691 1292 in
713 1263 826 1313 agro
849 1250 1045 1296 Verano

54 1318 402 1374 meminimus,
439 1333 646 1382 quorum
683 1318 895 1382 primus,
934 1314 1044 1364 fini·

53 1387 149 1437 ster
167 1385 398 1436 videlicet
415 1385 824 1454 ingredientibus,
844 1390 1049 1437 anterio-

51 1456 188 1506 ribus
213 1455 449 1525 unguibus
470 1461 664 1526 Aprum
695 1472 943 1525 arreptum
977 1472 1047 1507 te-

50 1541 167 1588 net3
204 1526 374 1578 dexter
394 1531 513 1577 vero
544 1531 725 1595 (quem
744 1526 904 1596 potius
922 1531 1049 1579 Leae·

51 1616 170 1648 nam
202 1597 450 1661 dicerem)
487 1601 668 1667 excipit
708 1601 832 1648 inter
866 1619 1048 1668 ungues

52 1669 321 1717 Puerulum
339 1669 475 1716 humi
493 1666 738 1719 sedentem
758 1706 774 1728 ,
814 1690 866 1718 ac
887 1669 1048 1720 secum

51 1740 213 1788 veluti
243 1745 527 1802 jocantem3
563 1741 646 1789 ille
681 1742 814 1788 enim
847 1738 1041 1790 inferio—

47 1826 158 1858 rem
177 1807 346 1858 belluae
360 1808 694 1857 mandibulam
714 1812 880 1875 palpat
895 1848 907 1858 .
942 1809 1042 1860 Hic

49 1892 214 1928 tamen
234 1877 723 1927 animadvertendum
744 1875 810 1926 est
828 1914 845 1935 ,
876 1896 1040 1928 exem-

45 1951 158 2018 plar
200 1949 387 1998 inverso
427 1948 595 1998 ordine
632 1946 837 1996 incisum
876 1945 1008 1998 fuisse
1029 1986 1038 1996 .

47 2018 192 2086 Qud
216 2032 378 2068 autem
393 2020 561 2067 Leaena
578 2037 692 2067 cum
711 2037 858 2087 puero
876 2026 1040 2083 jocans

45 2091 254 2138 innuere
287 2087 428 2156 poffit
455 2106 550 2138 non
577 2089 754 2148 video,
787 2089 875 2141 nisi
907 2111 1040 2141 man-

48 2158 362 2210 suetudinem
379 2196 395 2217 ,
427 2178 571 2227 quam
597 2161 770 2210 habere
792 2161 936 2213 debet
957 2167 1042 2212 Ec-

49 2227 191 2279 clefia
207 2247 314 2300 erga
336 2229 471 2279 Fidei
487 2231 712 2300 Tyrones
725 2268 742 2290 ,
775 2233 826 2281 &
846 2237 1039 2284 novella

47 2302 268 2369 germina
297 2299 557 2351 sanstitatis
573 2339 591 2361 ,
627 2321 743 2371 quos
763 2303 902 2354 Serm.
928 2326 968 2356 1.
989 2312 1037 2356 in

47 2372 212 2422 offam
228 2371 397 2441 Pafi-hae
409 2408 426 2432 ‚
445 2374 740 2442 Neophytos
762 2389 906 2424 vocat
926 2380 1037 2426 San-

46 2442 152 2492 &us
174 2441 498 2511 Augustinus;
523 2446 700 2514 quippe
721 2445 820 2496 Leo
852 2448 901 2494 in
929 2445 1034 2517 sup-

46 2514 196 2582 plices
225 2515 433 2564 clemens
456 2513 525 2564 est
542 2551 558 2573 ,
587 2535 640 2564 ac
661 2518 815 2585 parcit
834 2517 1034 2584 prostra-

47 2585 111 2632 tis
127 2619 143 2640 ,
180 2581 298 2632 teste
316 2584 470 2635 Plinio
498 2585 576 2636 lib.
599 2591 644 2637 8.
667 2603 756 2655 cap.
784 2596 860 2637 15.
899 2589 1034 2657 Qud

41 2653 169 2702 vero
194 2656 329 2723 Aper
347 2656 519 2705 Leonis
551 2658 791 2728 unguibus
819 2677 1036 2729 compre-

45 2720 216 2773 hensus
232 2760 249 2782 ,
286 2744 339 2773 ac
357 2722 477 2776 fort}
495 2729 746 2779 laniandus
772 2728 1035 2799 significet,

44 2812 133 2842 :nos
151 2792 343 2863 prorsus
360 2797 512 2859 latet3
549 2797 637 2849 nifi
669 2800 914 2860 dicamus,
949 2802 1032 2851 sub

44 2865 222 2914 Leonis
247 2879 372 2934 typo
390 2871 556 2918 venire
573 2869 864 2940 Episcopum
879 2910 895 2931 ,
934 2872 1031 2923 sive

42 2936 200 2983 alium
231 2935 446 2987 Ecclefiae
471 2941 756 3000 Restorem,
788 2947 868 3011 qui
897 2948 1032 3007 juxta

46 3002 317 3056 doCtrinam
358 3009 597 3079 Principis
635 3012 1026 3081 Apostolorum-2

823 254 1453 313 APvTIH.

1114 329 1359 378 interdum
1394 348 1441 376 m
1481 330 1725 399 propriam
1761 340 1964 381 matrem
1996 281 2099 384 [[13Γὲ

1108 414 1272 469 gentes
1290 436 1308 460 ,
1347 399 1585 468 unguibus
1606 398 1922 468 dentibusque
1940 440 1956 461 ,
1987 424 2096 454 cen-

1108 472 1225 518 suris
1244 470 1475 519 videlicet
1493 507 1510 529 ,
1550 469 1744 540 aliisque
1766 473 2100 525 Ecclesiasticis

1110 543 1263 609 poenis
1292 541 1552 589 dilanient.
1590 544 1762 593 Videri
1781 545 1928 592 etiam
1946 546 2100 613 potest

1107 614 1203 660 haec
1224 612 1443 660 Leonum
1472 611 1705 679 appositio
1729 616 1776 662 in
1798 618 2098 684 templorum

1104 684 1257 746 januis
1272 717 1289 739 ,
1316 679 1660 731 Christifideles
1681 687 1802 733 olim
1824 684 2098 755 symbolice

1106 748 1316 803 docuisse
1343 788 1358 809 ,
1400 754 1571 821 vigiles
1600 757 1710 821 erga
1741 759 1902 806 Deum
1935 758 2098 807 oculos

1105 825 1280 873 mentis
1297 821 1535 871 habendos
1549 860 1566 881 ,
1596 821 1863 893 fortemque
1878 866 1894 886 ,
1914 848 1964 876 ac
1985 847 2094 897 per-

1103 889 1279 944 festam
1296 891 1533 941 sacrarum
1551 913 1712 944 rerum
1729 895 1996 946 custodiam
2016 935 2026 945 .

1175 964 1324 1030 Qiod
1346 978 1506 1014 autem
1528 964 1585 1014 de
1603 966 1871 1027 Leonibus,
1891 970 2025 1018 idem
2045 971 2095 1019 δε

1102 1034 1161 1083 de
1200 1035 1381 1101 Aquila
1427 1037 1845 1102 interpretandum
1894 1054 2095 1107 putave-

1100 1106 1222 1165 rim3
1249 1102 1360 1152 cum
1380 1102 1476 1150 haec
1508 1105 1793 1151 volatilium
1812 1111 2001 1174 Regina
2021 1111 2093 1158 di-

1100 1189 1237 1223 catur
1272 1171 1460 1221 fulmen
1503 1171 1743 1241 despicere
1776 1211 1793 1232 ‚
1837 1177 2095 1245 Solemque

1102 1248 1202 1294 acie
1221 1242 1454 1293 constanti
1473 1246 1648 1293 intueri
1667 1267 1680 1293 .-
1701 1264 1753 1292 ac
1773 1246 1975 1312 proinde
1998 1252 2096 1298 Ro-

1101 1334 1359 1365 manorum
1388 1313 1629 1364 emblema
1651 1313 1737 1376 sit3
1768 1319 1964 1385 Serpens
1979 1320 2096 1368 vero

1104 1386 1301 1436 Diaboli
1318 1383 1605 1453 symbolum
1624 1423 1633 1432 .
1657 1387 1992 1454 Qiamobrem
2012 1408 2094 1440 ve-

1101 1472 1225 1508 teres
1244 1455 1421 1507 Christi
1450 1453 1622 1505 ass'eclae
1650 1458 1739 1505 hoc
1756 1458 2096 1529 hieroglyphi-

1102 1548 1159 1578 co
1180 1526 1375 1578 forsitan
1407 1529 1577 1575 animis
1599 1530 1810 1596 ingerere
1831 1530 2094 1580 contende-

1101 1614 1246 1660 runt,
1281 1613 1335 1647 ut
1355 1598 1559 1648 domum
1585 1602 1785 1647 Domini
1816 1602 2094 1669 ingredien-

1097 1686 1171 1721 tes
1196 1708 1212 1731 ,
1265 1685 1492 1737 tanquam
1535 1672 1725 1737 Aquilae
1777 1686 1991 1721 mentem
2036 1672 2097 1721 ad

1096 1746 1258 1791 Deum
1273 1777 1289 1798 ,
1324 1741 1584 1805 Solemque
1619 1740 1810 1802 justitiae
1846 1741 2093 1792 Christum

1094 1815 1364 1876 erigerent,
1395 1829 1448 1857 ac
1470 1809 1728 1858 vistoriam
1755 1810 1812 1859 de
1833 1815 2087 1861 teterrimo

1094 1880 1291 1928 humani
1313 1879 1499 1944 generis
1518 1878 1645 1926 hoste
1668 1877 1928 1941 reserrent3
1960 1882 2090 1949 quod

1096 1950 1219 1999 belle
1240 1950 1372 2016 argui
1395 1945 1547 2015 potest
1567 1966 1626 1997 ex
1648 1949 1856 2014 Aquilai,
1883 1968 1983 2017 quae
2006 1969 2090 1999 un-

1096 2019 1269 2091 guibus
1284 2020 1441 2069 veluti
1458 2020 1695 2069 laniatura
1714 2022 1995 2089 Serpentem
2017 2019 2087 2070 su-

1098 2093 1240 2142 stinet
1267 2129 1277 2139 .

1166 2167 1282 2213 Non
1303 2160 1515 2213 absimile
1537 2165 1653 2232 quid
1676 2165 1724 2214 in
1745 2161 1937 2233 praefatzi
1962 2167 2085 2213 anti-

1092 2231 1314 2302 quiffirnssi
1330 2233 1537 2284 Ecclefiz'i
1553 2238 1841 2303 SS.Joannis
1853 2272 1869 2294 ,
1885 2237 1934 2286 &
1952 2237 2086 2284 Pauli

1091 2308 1336 2364 cernitur,
1373 2304 1456 2353 ubi
1486 2307 1534 2354 in
1566 2305 1805 2356 vestibulo
1839 2307 1899 2355 ad
1922 2306 2084 2356 dexte-

1088 2395 1193 2427 ram
1210 2378 1309 2426 Leo
1326 2374 1408 2433 est,
1425 2375 1714 2443 Hystricem
1735 2391 1898 2427 tenens
1913 2400 1927 2438 ;
1943 2375 2083 2424 alius-

1089 2466 1181 2516 que
1199 2447 1258 2496 ad
1274 2448 1445 2496 laevam
1459 2447 1723 2496 Puerulum
1743 2446 1924 2495 sinistrssi
1939 2463 2084 2495 manu

1090 2537 1309 2588 premens
1324 2554 1339 2575 ,
1367 2518 1608 2584 alteraque
1627 2532 1772 2588 caput
1794 2520 1977 2567 Arietis
1993 2555 2009 2577 ,
2027 2531 2082 2565 ut

1091 2593 1137 2638 in
1158 2588 1281 2637 Tab.
1299 2591 1472 2639 XVII.
1503 2591 1603 2657 Fig.
1632 2609 1671 2638 1.
1688 2592 1737 2641 δε
1753 2607 1800 2637 2.
1823 2592 1894 2638 At
1911 2591 1958 2636 in
1978 2589 2080 2657 epi·

1089 2660 1236 2728 stylio
1253 2658 1340 2708 stat
1355 2660 1535 2726 Aquila
1550 2696 1566 2717 ‚
1597 2679 1697 2727 quae
1719 2658 1958 2729 unguibus
1986 2676 2080 2707 non

1090 2736 1346 2801 Anguem,
1363 2728 1443 2779 sed
1460 2731 1762 2780 Leunculum
1783 2732 1953 2799 arripit
1967 2766 1983 2788 ,
1999 2742 2081 2777 aut

1087 2803 1337 2871 quidpiam
1356 2801 1487 2849 aliud
1508 2803 1720 2860 animal,
1750 2820 1860 2851 cum
1881 2819 1973 2871 prae
1996 2818 2076 2850 ve-

1086 2873 1259 2923 tustate
1290 2909 1305 2931 ,
1344 2886 1397 2920 ut
1424 2877 1522 2935 jam
1557 2872 1768 2922 diximus
1796 2909 1812 2931 ,
1852 2870 2076 2938 distingui

1086 2945 1287 2993 minim}
1313 2943 1475 2992 valeat
1492 2981 1502 2991 .
1542 2942 1691 2993 Porro
1713 2942 1748 2993 fi
1767 2942 1835 2993 est
1855 2944 2074 2992 Leuncu-

1084 3017 1154 3064 lus
1169 3053 1185 3074 ,
1226 3012 1491 3064 Diabolum
1527 3014 1755 3073 denotat,
1785 3015 1918 3076 juxta
1950 3009 2073 3057 illud

44 3077 177 3152 epist.
201 3096 240 3125 1.
259 3095 347 3146 cap.
371 3095 415 3140 5.
450 3077 594 3129 sobrii
623 3080 712 3134 esse
732 3083 908 3135 debent
924 3124 939 3144 ‚
978 3090 1027 3137 &
1080 3084 1378 3136 notiffimum
1395 3088 1437 3132 S.
1459 3086 1587 3133 Petri
1612 3089 1661 3133 in
1684 3086 1831 3153 Episs-
1855 3101 1893 3129 1·
1915 3095 2003 3148 Cap·
2024 3096 2068 3141 5·

46 3146 330 3223 vigilantes,
362 3150 540 3200 adeout
570 3153 759 3204 Fideles
781 3159 806 3205 a
829 3158 1024 3207 viaDo-
1080 3176 1194 3207 num.
1216 3163 1259 3207 8.
1278 3156 1427 3207 Sobrii
1445 3158 1607 3214 effote,
1639 3155 1930 3222 &viglsasffi
1969 3156 2070 3219 qum

45 3231 170 3262 mlffl
194 3215 458 3270 aberrantes
476 3257 493 3280 ³
529 3222 589 3272 ad
608 3220 827 3274 semitam
846 3231 1024 3276 verita·
1080 3230 1365 3298 advfrssszrius
1393 3230 1550 3276 veft'er
1575 3225 1787 3274 Diabolus
1826 3230 2065 3289 tanquam-4,

45 3286 107 3332 tis
138 3284 295 3337 redire
325 3306 497 3358 cogant
526 3328 545 3353 ,
580 3295 888 3365 nolentesque
918 3335 934 3356 ,
971 3318 1024 3348 ac

123 3354 226 3412 Par.
246 3355 285 3406 I.

1084 3298 1170 3349 Leo
1194 3305 1371 3369 rugiens
1400 3301 1556 3347 circuit
1580 3328 1596 3350 ‚
1634 3313 1815 3360 quaerens
1841 3311 1960 3360 quem
1989 3291 2062 3340 de·

1590 3364 1627 3409 E
1911 3379 2066 3413 voret:
