2425 3747
377 266 481 306 226

801 255 1208 308 VETERA
1292 253 1986 307 MONIMENTA

376 341 432 374 tae
451 363 466 386 ,
503 327 551 376 ἀ
579 323 859 393 imperfce'cae
880 360 890 369 .
930 327 1063 372 Hinc
1094 324 1200 372 inde
1230 327 1254 372 a
1282 325 1345 371 la—
1400 327 1460 371 rit
1478 360 1493 381 ,
1532 341 1630 389 quae
1653 342 1851 390 procerae
1874 327 2053 380 staturae
2071 326 2216 394 ipsam
2233 327 2364 382 fuisse

374 395 554 445 teribus
584 415 663 443 vas
685 395 780 453 est,
820 399 945 455 cujus
976 393 1108 442 labro
1141 394 1242 441 duae
1263 412 1342 442 co-

369 465 540 518 lumbae
563 462 792 528 insident?
822 481 921 529 quae
945 461 1078 530 supra
1100 464 1341 531 explicatae

369 535 476 587 sunt
490 572 499 583 .
519 521 1060 600 Sepulchrioperculum
1079 534 1340 583 rotundum

369 605 459 663 est,
492 606 540 653 ὅτ.
563 598 898 668 iouammatim
918 605 1163 665 caelatum3
1188 606 1341 671 aliqua

367 675 436 725 sui
461 686 592 741 parte
621 670 677 719 ab
709 685 909 739 utroque
936 675 1140 723 laterum
1162 678 1341 744 [1101111-1

366 757 446 793 net
472 779 487 803 ‚
526 744 575 792 &
605 744 652 789 in
688 760 741 790 ea
762 778 777 800 ,
814 761 913 809 quae
939 745 1084 795 altare
1118 744 1339 813 respicit,

366 814 515 862 iidem
545 812 832 862 charasteres
861 816 909 862 A
927 817 990 878 >R
1013 835 1037 860 ω
1068 833 1176 870 cum
1195 815 1341 864 arabi-

364 886 431 933 cis
461 881 619 950 figuris
652 881 873 951 insculpti
905 881 1044 934 sunt:
1083 887 1132 933 in
1159 884 1339 953 opposi-

366 970 413 1002 ta
435 955 552 1002 vero
580 954 750 1001 Palmae
773 952 914 1001 arbor
939 972 1049 1002 cum
1075 952 1337 1013 fructibus,

366 1043 418 1072 ac
449 1022 544 1072 duo
579 1025 715 1091 agni.
755 1027 1038 1078 Marmoreae
1067 1026 1202 1091 hujus
1221 1045 1336 1076 arcae

364 1092 570 1145 altitudo
590 1093 653 1142 est
678 1093 852 1166 pedum
878 1096 1084 1162 quinque
1102 1133 1118 1154 ,
1155 1099 1203 1147 ὅ(
1225 1101 1334 1147 toti-

364 1164 476 1215 dem
497 1165 759 1224 unciarum3
777 1165 1027 1232 longitudo
1045 1165 1121 1216 sex
1138 1163 1334 1235 pedum3

362 1233 569 1287 latitudo
601 1233 716 1287 Vero
749 1231 893 1289 trium
911 1271 927 1300 ‚
964 1238 1013 1292 ὃς
1041 1241 1332 1295 unciarum-³

367 1323 543 1357 novem
559 1341 569 1354 .,

434 1377 667 1426 Omnium
701 1387 856 1424 tamen
879 1411 895 1434 ,
933 1395 1032 1443 quoe
1062 1381 1109 1426 in
1141 1380 1225 1438 hac
1253 1383 1336 1430 Ec!

361 1442 500 1497 clefia
529 1443 913 1511 conspiciuntur,
950 1447 1330 1503 nobilissimum

358 1529 727 1564 monumentum
741 1551 756 1573 ,
775 1515 833 1563 ad
850 1521 947 1577 ejus
969 1533 1137 1586 caput,
1158 1521 1328 1571 videli-v

359 1599 434 1637 cet
470 1585 570 1652 post
608 1602 735 1632 aram
772 1589 1032 1635 maximam
1069 1591 1283 1641 elevatur
1315 1627 1327 1643 2

357 1656 470 1703 Hoc
489 1691 504 1716 ,
541 1653 668 1720 quod
700 1656 1014 1721 amphtudine
1044 1660 1092 1713 &
1121 1678 1327 1709 marmo-

356 1726 418 1772 ris
438 1726 592 1776 nitore
621 1737 783 1778 caetera
808 1727 1079 1784 antecellit,
1104 1730 1329 1779 caelaturae

355 1792 473 1843 vero
497 1791 721 1862 fimpiicis
751 1790 846 1854 est,
885 1794 996 1846 cum
1024 1797 1326 1848 solummodo

357 1877 456 1911 tam
479 1866 526 1910 in
545 1863 769 1912 anteriori
789 1899 804 1919 ,
832 1869 973 1932 quam
993 1868 1239 1935 posteriori
1260 1865 1326 1917 fa-.

357 1936 429 1982 cie
445 1970 459 1995 ‚
479 1933 581 1981 duae
599 1946 849 1984 cernantur
869 1938 1102 1991 illiteratae
1121 1942 1327 2004 volutaea

355 2004 675 2071 anaglyphico
715 2022 857 2070 opere
897 2004 1085 2076 sculptae
1114 2047 1129 2067 ,
1176 2012 1325 2058 Gallae

353 2075 569 2121 Placidiae
598 2073 800 2128 cadaver
836 2079 1042 2145 excipit3
1078 2079 1207 2146 quod
1224 2082 1325 2147 qui-

355 2143 465 2192 dem
484 2179 499 2207 ,
518 2162 610 2191 11011
631 2145 700 2191 uti
721 2162 820 2192 mos
839 2144 930 2204 est,
948 2148 1170 2207 stratum,
1185 2165 1324 2217 atque

352 2211 573 2281 supinum
590 2216 635 2259 in
655 2232 710 2262 eo
731 2217 916 2264 tumulo
935 2218 1185 2271 conditum
1204 2217 1324 2278 fuit,

353 2282 434 2332 sed
471 2286 516 2330 in
545 2284 860 2351 pulcherrima
890 2284 994 2336 sede
1025 2289 1322 2358 cypressina,

352 2367 577 2419 tanquam
594 2352 789 2402 sederet.
808 2358 917 2405 Hoc
929 2358 1074 2408 modo
1094 2374 1145 2408 ut
1165 2379 1323 2426 quam-

352 2426 563 2492 plurium
612 2422 881 2477 testimonio
927 2431 1175 2497 cognitum
1218 2431 1282 2480 est
1304 2469 1319 2490 ,

351 2496 474 2542 ultra
493 2494 625 2541 mille
641 2513 870 2544 annorum
885 2495 1087 2567 spatium
1110 2519 1320 2569 perman-

349 2561 405 2612 sit
421 2601 435 2627 ,
473 2567 522 2618 &
543 2562 695 2617 adhuc
716 2583 1044 2632 permaneret,
1068 2573 1115 2618 ni
1134 2568 1228 2619 sors
1248 2571 1317 2620 di-

350 2633 484 2685 versa
523 2629 696 2682 tulisset
725 2656 736 2688 t
777 2640 919 2686 Anno
955 2641 1081 2689 enim
1120 2644 1319 2696 Domini

357 2722 374 2752 1
390 2719 501 2776 5732
520 2704 595 2752 die
621 2707 951 2770 3.Maji‚cum
973 2710 1167 2775 quidam
1188 2714 1321 2779 pueri

348 2791 432 2842 per
450 2774 660 2822 ioramen
684 2811 699 2831 ,
733 2775 807 2824 seu
832 2779 998 2826 rimam
1024 2778 1322 2848 sepulchrum

348 2841 563 2895 immistis
596 2842 759 2894 faculis
790 2848 1180 2916 introspicerem,
1218 2864 1319 2900 tan-

348 2926 453 2964 tum
482 2913 612 2965 illico
636 2915 910 2966 incendium
930 2920 1217 2989 cypreffinas
1248 2937 1317 2970 ta-

348 2983 478 3035 bulas
491 3019 506 3043 ,
520 3001 618 3049 quae
636 2986 809 3036 tumuli
830 2990 1011 3039 interna
1028 2991 1320 3050 ambiebant,

348 3051 553 3115 invasit,
591 3067 645 3102 ut
673 3071 867 3105 omnem
886 3093 901 3114 ,
938 3064 1156 3125 quamvis
1189 3060 1315 3110 solli-

347 3126 527 3180 citam,
563 3124 928 3193 expeditamque
966 3131 1315 3179 Monachorum

346 3212 540 3261 operam
565 3198 889 3262 praeverterit,
925 3199 1115 3250 &nihil
1149 3214 1313 3267 praeter

346 3265 476 3313 arida
501 3278 638 3317 tantae
654 3268 977 3336 Imperatricis
995 3264 1085 3322 offa
1117 3271 1316 3337 relique-

1399 392 1679 445 ostendunt,

1467 467 1540 511 De
1561 465 1701 512 titulo
1717 478 1879 513 autem
1893 466 2027 530 hujus
2041 466 2253 518 Ecclefiae
2269 488 2362 520 non

1396 552 1539 602 parva
1569 531 1847 602 disceptatio
1866 533 1928 584 est
1948 573 1959 585 .
1998 534 2191 586 Rubeus
2217 539 2265 586 111
2283 539 2362 589 sua

1395 604 1583 654 historia
1621 607 1956 653 Ravennatum
1978 643 1994 664 ,
2029 610 2053 656 a
2085 625 2176 674 quo
2211 609 2362 659 Faber

1393 676 1599 743 plurima
1628 689 1872 725 mutuatus
1903 673 1968 725 est
1998 676 2078 725 lib.
2114 695 2157 724 2.
2193 679 2251 727 ad
2286 698 2358 727 an.

1396 750 1509 808 384.
1530 764 1632 812 pag.
1649 750 1728 803 89.
1743 781 1759 802 ,
1785 747 1924 794 Divis
1940 749 2145 796 Nazario
2158 786 2174 813 ‚
2189 750 2237 798 &
2255 751 2361 798 Cel-

1393 813 1441 863 so
1465 816 1596 864 illam
1624 815 1829 865 dicatam
1860 816 2059 864 tradidit
2085 818 2153 865 his
2179 818 2359 875 verbis;

1390 886 1541 936 Divis
1568 891 1696 934 etiam
1720 885 1914 946 Nazario
1929 923 1946 944 ,
1974 889 2028 935 Θ·
2045 889 2162 954 Celfh
2189 893 2358 958 elegan-

1391 958 1592 1024 tiffimam
1619 963 1818 1015 extruxit
1843 959 2057 1007 aediculam
2073 994 2089 1015 ,
2126 962 2175 1006 in
2203 979 2282 1028 qua
2290 964 2360 1029 sb-

1380 1030 1517 1092 peliri
1533 1030 1705 1093 voluit,
1724 1028 1774 1077 ab
1792 1031 1942 1080 Crucis
1957 1029 2076 1076 haud
2079 1033 2234 1092 procul
2240 1052 2250 1078 :
2269 1033 2357 1080 Pa-

1386 1103 1513 1147 rietes
1539 1101 1738 1164 praeclctro
1774 1117 1976 1154 marmore
2001 1100 2185 1167 undique
2214 1104 2357 1150 incru-

1386 1169 1499 1224 ἕῖαῑὶ
1514 1191 1528 1230 3
1559 1174 1862 1235 pavimentum
1877 1206 1892 1227 ,
1922 1170 2092 1237 ipsaque
2110 1170 2287 1219 aediculae
2303 1188 2360 1221 te·-

1374 1240 1505 1308 fiudo
1524 1243 1806 1295 ‘vermiculato
1820 1256 1935 1307 opere
1940 1242 2227 1306 pulcherrim&
2241 1261 2359 1291 exor-

1387 1327 1487 1359 nata
1506 1347 1515 1357 .
1556 1308 1833 1377 Discrepant
1862 1325 2021 1359 tamen
2040 1311 2258 1360 Leander
2276 1314 2359 1359 Al-

1387 1378 1543 1430 bertus
1563 1417 1578 1439 ,
1604 1382 1652 1430 δε
1670 1381 1875 1429 Blondus
1892 1416 1907 1438 ‚
1925 1398 2028 1429 eam
2043 1381 2220 1428 Sanctis
2238 1383 2357 1429 Ger-

1385 1448 1512 1499 vafio
1532 1486 1546 1513 ‚
1575 1452 1624 1500 ὃς
1643 1449 1850 1500 Protafio
1877 1448 2182 1517 Martyribus
2206 1450 2355 1498 sacra-

1386 1535 1483 1569 tam
1508 1517 1642 1570 fuisse
1668 1518 1983 1575 affirmantes:
2010 1536 2063 1567 ut
2087 1521 2234 1587 igitur
2253 1539 2355 1570 om-

1384 1593 1452 1639 nis
1470 1591 1599 1638 tituli
1622 1589 1810 1656 quaestio
1831 1587 2094 1648 auferatur,
2111 1590 2357 1643 Ecclesiam

1384 1658 1464 1712 ista
1489 1660 1638 1727 vulgo
1658 1660 1807 1708 Gallae
1833 1659 2049 1708 Placidiae
2074 1658 2356 1728 simpliciter

1385 1730 1720 1781 denominatur
1740 1765 1749 1775 .
2173 1732 2177 1735 ’

1467 1802 1624 1861 Hujus
1656 1796 1839 1847 aedificii
1880 1799 2064 1850 Tholus
2092 1802 2353 1868 pulcherri-

1381 1889 1460 1919 mo
1476 1906 1490 1926 ‚
1518 1884 1655 1934 atque
1675 1871 1877 1938 eleganti
1897 1867 2091 1919 Mufivo
2117 1889 2259 1940 opere
2277 1891 2354 1921 or-

1380 1955 1519 1988 natur
1536 1975 1546 1986 .
1576 1941 1772 1988 Coelum
1792 1941 1917 1988 enim
1937 1941 2171 1989 stellatum
2192 1960 2353 2009 reprae-

1381 2010 1531 2059 sentat
1544 2046 1560 2066 ,
1586 2023 1637 2056 ut
1654 2010 1816 2060 videre
1833 2010 1961 2058 estin
1983 2009 2170 2058 Tabula
2190 2013 2350 2064 LXV.

1380 2083 1428 2129 in
1463 2085 1592 2143 cujus
1612 2080 1773 2130 medio
1802 2083 1935 2140 Crux
1963 2080 2186 2129 deaurata
2214 2100 2352 2131 coru·

1376 2149 1487 2207 scat,
1502 2150 1815 2218 longitudinis
1836 2148 2092 2200 secundum
2112 2148 2351 2219 aspectum

1378 2224 1524 2272 trium
1545 2221 1720 2288 pedum
1735 2258 1751 2279 ,
1790 2221 2054 2275 latitudinis
2074 2222 2188 2270 vero
2212 2225 2349 2271 unius

1377 2292 1565 2344 circiter
1584 2326 1594 2336 .
1637 2294 1797 2358 Caput
1822 2289 1959 2359 ipfius
1985 2293 2152 2341 Crucis
2181 2294 2350 2341 Hono·-

1377 2363 1462 2419 rii,
1479 2379 1554 2428 pes
1572 2361 1687 2409 vero
1708 2363 2030 2412 Valentiniani
2047 2360 2348 2430 sepulchrum

1373 2429 1564 2500 respicit
1587 2465 1597 2481 .,
1641 2435 1696 2479 111
1731 2443 1932 2498 quatuor
1969 2433 2089 2479 tholi
2128 2433 2313 2499 angulis
2332 2469 2350 2489 ,

1373 2508 1573 2569 quatuosr
1593 2501 1897 2568 Evangelistae
1924 2500 2004 2549 sub
2026 2503 2346 2553 animalium

1375 2571 1521 2640 figura
1541 2569 1736 2630 expreffi
1758 2568 1861 2620 sunt
1875 2608 1889 2629 ,
1905 2574 2017 2621 &in
2033 2568 2224 2638 singulis
2234 2590 2347 2637 qua-

1376 2657 1484 2691 tuor
1505 2638 1729 2699 arcubus,
1748 2642 1826 2707 qui
1849 2643 2035 2692 tholum
2056 2641 2258 2691 eundem
2278 2640 2348 2689 su-

1376 2710 1605 2769 stentant,
1632 2712 1866 2760 nonnulle
1887 2710 2042 2782 figurae
2062 2712 2315 2759 hominum
2332 2748 2342 2758 .

1376 2786 1432 2832 In
1459 2799 1571 2828 arcu
1596 2783 1721 2829 enim
1752 2779 1930 2850 signato
1958 2784 2029 2830 lit.
2050 2783 2111 2828 A.
2130 2783 2342 2847 (1111631-

1374 2853 1427 2900 lae
1446 2850 1661 2900 Placidiae
1695 2851 1938 2919 sepulchro
1960 2852 2211 2908 imminet,
2247 2852 2344 2900 duo

1374 2923 1466 2970 viri
1488 2936 1746 2989 cernuntur
1761 2957 1777 2978 ,
1814 2923 1972 2969 tunica
1988 2958 2003 2979 ,
2033 2940 2083 2968 ac
2101 2922 2246 2989 pallio
2264 2938 2346 2969 ve-

1374 2992 1470 3041 stiti
1489 3028 1505 3050 ,
1541 2994 1587 3039 in
1612 2997 1743 3053 cujus
1767 2988 1964 3039 fimbriis
1984 2996 2021 3040 Ι.
2044 3009 2344 3057 monogram-

1374 3080 1451 3110 ma
1475 3061 1703 3111 insertum
1721 3059 1811 3109 est.
1852 3066 1983 3110 Inter
2013 3063 2093 3110 hos
2110 3062 2256 3128 parva
2281 3061 2341 3110 ad

1368 3133 1524 3182 lucem
1543 3129 1873 3198 excipiendam
1891 3129 2086 3182 fenestra
2104 3133 2341 3199 aperitur:¹

1368 3198 1728 3267 uniuscujusque
1769 3199 1852 3248 sub
1881 3200 2080 3270 pedibus
2122 3202 2344 3250 concha..

1366 3269 1484 3338 aquz‘i
1509 3271 1647 3338 plena
1677 3271 1867 3339 depicta
1883 3271 1948 3322 est
1965 3309 1982 3333 ,
2018 3269 2200 3323 fontem
2218 3269 2338 3320 refe-

2207 3359 2335 3399 rens,
