2425 3747
631 194 1184 248 *CAPUT
1292 194 1459 246 XIV.

78 267 205 315 vixit
223 262 387 314 saeculo
410 268 500 315 IX.
521 268 567 312 in
596 281 740 331 opere
756 264 808 313 de
827 264 1047 315 Laudibus

79 338 113 387 S
119 338 322 393 .‘Crucis‚
342 334 576 383 Ludovici
596 337 664 384 II.
686 335 865 382 Lorarii
887 338 1044 403 Impe-

79 407 246 454 ratoris
261 404 346 453 filii
375 403 662 453 delineatam
679 405 944 472 Imaginem
975 422 1047 453 re·

75 473 204 539 fert(
221 489 275 523 ut
295 477 342 522 in
357 473 737 524 Tab.XXXVI.
756 472 839 521 sub
858 476 956 542 Fig.
969 479 1043 524 18.

75 543 235 593 videri
266 544 453 613 potest)
485 563 586 610 quae
615 546 759 612 capiti
798 544 1045 612 quidpiam

74 613 239 686 gestat,
254 613 424 662 eodem
443 611 536 663 fer&
563 614 707 663 modo
727 612 1048 672 efformatum,

74 702 174 752 quo
186 683 310 751 apud
325 702 407 734 nos
423 684 472 733 id
487 684 616 751 quod
632 687 846 734 Biretum
864 685 1047 733 Ducale

74 754 395 822 appellamus.
434 755 582 804 Haud
609 755 767 804 multo
784 752 1048 804 absimilem

73 821 369 874 Iconismum
392 825 605 873 vidimus
630 828 678 873 in
704 826 859 876 Felice
880 824 1050 876 Conti-

72 894 216 951 lorio,
229 893 378 947 Urbis
398 893 577 945 scilicet
589 893 866 946 Praefechm
880 893 1049 944 eodem

73 965 237 1013 Bireto
273 962 551 1032 infignitum
582 987 593 1014 :
627 985 678 1015 ac
716 969 762 1014 in
801 963 1044 1033 posteriori

71 1036 220 1083 etiam
247 1036 415 1103 capitis
445 1051 574 1104 parte
609 1035 725 1102 quid
753 1036 907 1085 veluti
935 1037 1044 1081 San-

71 1104 264 1154 &orum
302 1106 522 1157 diadema
555 1108 602 1153 in
633 1106 805 1155 eadem
836 1105 1048 1171 Imagine

72 1176 284 1224 cernitur
304 1211 320 1234 ,
353 1175 482 1243 quod
506 1176 601 1244 ipse
615 1175 867 1223 Rhabanus
895 1176 1046 1221 circu-

74 1246 179 1293 lum
214 1259 385 1303 vocat,
415 1246 466 1294 &
500 1248 549 1292 in
575 1262 631 1293 eo
662 1246 756 1293 haec
793 1245 1045 1310 leguntur:

72 1314 147 1368 Tu
163 1314 213 1366 H
226 1315 690 1368 LudovicumChriHe
708 1331 857 1362 corona
871 1349 882 1360 .
912 1314 1045 1379 Qa-

70 1398 269 1454 propter
312 1402 372 1434 ex
413 1385 499 1433 hac
532 1383 679 1453 figura
704 1385 887 1437 deduco
920 1384 1049 1431 illius

70 1458 258 1523 quoque
287 1457 516 1523 temporis
549 1472 735 1503 morem
763 1452 1048 1523 appingendi

69 1528 391 1593 Imperatores
418 1543 528 1573 cum
546 1525 819 1574 diademate
833 1560 850 1582 ,
871 1536 925 1572 ut
939 1524 1047 1571 vul·

72 1596 139 1665 go
157 1596 333 1643 dicitur
351 1631 362 1640 .
400 1593 586 1643 Ibidem
604 1594 811 1644 notanda
824 1593 888 1643 est
901 1595 1050 1646 etiam

73 1667 229 1735 :figura
247 1699 263 1723 ,
280 1682 380 1733 quae
400 1663 668 1714 Dalmatica
681 1662 1050 1729 ,&Chlamyde

68 1735 314 1787 induitur.
857 1760 859 1767 ι
884 1732 891 1740 ’

146 1807 218 1852 Ex
241 1805 412 1872 quibus
441 1804 663 1854 omnibus
683 1802 866 1872 liquido
894 1810 1051 1872 patet,

77 1876 199 1924 hanc
212 1872 507 1943 sphaerulam,
527 1873 624 1923 five
640 1876 893 1931 circulum,
905 1890 1050 1939 quem

71 1945 224 2011 aliqui
252 1944 474 1994 nimbum
500 1945 761 2012 appellant,
787 1944 812 1991 a
839 1944 1051 1992 Gentili-

73 2010 408 2065 busmutuaffe
427 2012 766 2065 Christifideles
789 2030 843 2062 ea
870 2026 1052 2071 mente,

73 2097 131 2132 ut
161 2081 573 2151 quemadmodum
600 2085 798 2131 Ethnica
832 2080 1050 2152 supersti-

70 2155 175 2212 tio,
218 2173 272 2202 ac
306 2152 357 2202 su
394 2153 551 2211 erbia,
583 2167 747 2203 notam
778 2154 1050 2202 aeternitatis

70 2240 186 2273 eum
217 2219 304 2273 effe
335 2172 615 2286 aii'eftabat3
646 2226 711 2271 ita
734 2221 869 2271 nobis
895 2241 1018 2272 verae
1035 2259 1051 2281 ,

70 2293 446 2362 prodigioibeque
461 2295 701 2362 religionis
723 2293 911 2342 semitas
934 2291 1049 2344 inse-

72 2363 337 2422 ‹stantibus,
358 2361 628 2414 beatiffimae
649 2365 925 2412 aeternitatis·
948 2363 1047 2412 hie·

73 2435 421 2502 roglyphicum
440 2430 572 2493 esset,
605 2452 658 2483 ac
678 2435 770 2483 Dei
791 2434 1021 2502 praecipue
1034 2469 1051 2491 ,

74 2504 451 2572 Sandiorumque
477 2507 696 2553 virorum
715 2501 948 2572 capitibus
969 2504 1054 2551 im-

77 2588 340 2643 poneretur
371 2595 383 2624 :
413 2591 499 2623 nec
525 2577 731 2632 mirum,
759 2572 870 2622 cum
899 2575 1052 2621 multa

71 2647 101 2695 ἢ
121 2646 394 2694 Gentilium
408 2681 425 2703 ‚
444 2643 856 2712 Hebraeorumque
881 2643 1051 2692 ritibus

73 2713 292 2784 usurpata
324 2713 563 2764 dixerimu
580 2735 616 2773 s,
643 2729 697 2763 ut
721 2711 857 2782 supra
879 2712 1048 2782 proba-

74 2798 181 2835 tum
212 2783 278 2834 est
298 2789 443 2853 cap.I.
475 2786 525 2835 δε
549 2782 671 2834 infra
700 2789 954 2852 cap-XIX.
975 2781 1051 2833 fu-

74 2852 163 2906 fius
178 2854 501 2916 ostendemus;
519 2856 569 2906 &
587 2868 722 2905 notat
743 2856 969 2905 Batonius
989 2855 1048 2903 ad

77 2942 253 2973 annum
285 2944 366 2988 44.
408 2929 551 2993 prope
585 2924 759 2982 finem,
788 2924 839 2975 &
873 2925 932 2974 ad
963 2944 1045 2973 an-

74 3010 192 3043 num
211 3012 290 3056 57.
304 3012 436 3042 num.
449 3014 557 3054 107.
576 2996 721 3049 Unde
737 2997 840 3062 quis
856 2994 1046 3063 probet,

75 3065 175 3120 imo
194 3083 288 3114 non
305 3078 489 3133 arguat,
508 3064 838 3133 improbetque
858 3065 1045 3115 senten-

76 3142 194 3191 tiam
214 3136 415 3184 Henrici
434 3134 653 3183 Salmuth
667 3132 804 3203 supra
825 3136 982 3193 relati,
998 3138 1049 3186 δε

65 3203 189 3287 Julii
211 3202 404 3253 Caesaris
417 3205 663 3272 scaligeri,
675 3204 1048 3257 existimantium

141 3274 249 3328 Par,
294 3272 332 3323 I.

1974 209 1993 244 1
2010 216 2065 259 15

1097 266 1301 315 Pietores
1323 264 1523 321 inscitia,
1545 264 1596 313 δε
1613 280 1772 312 errore
1795 263 1978 323 ductos,
1995 287 2070 314 ca-

1098 339 1195 406 pita
1214 334 1472 403 figurarum
1494 334 1677 402 sphaeris
1692 334 2071 394 circumornaffe,

1099 405 1482 462 simulacrorum,
1520 406 1570 454 &
1605 402 1863 451 statuarum
1904 421 2068 453 exem-

1100 478 1198 544 plo,
1215 474 1384 541 quibus
1410 493 1504 524 non
1523 473 1582 522 ad
1602 486 1843 530 ornatum,
1869 486 1953 521 aut
1974 492 2070 522 ma-

1099 545 1272 610 jestatis
1293 544 1556 601 indicium,
1584 542 1664 593 sed
1692 543 1751 591 ad
1777 546 1943 592 avium
1959 545 2072 594 ster·

1100 632 1208 663 cora
1234 613 1561 663 submovenda
1594 617 1616 669 (
1638 626 1691 661 ut
1708 612 1791 681 ipsi
1811 619 1984 678 ajunt)
2010 633 2072 663 eae

1102 682 1468 751 superimpositae
1487 682 1699 738 fuerunt,
1725 683 1813 732 acsi
1832 685 1952 732 olim
1968 703 2074 733 om-

1101 757 1177 802 nia
1225 755 1359 802 nullo
1402 751 1673 801 discrimine
1702 751 1951 801 simulacra
1989 754 2075 802 sub

1102 824 1184 872 die>
1212 823 1373 872 stantia
1390 859 1406 882 ‚
1435 823 1628 890 superne
1653 823 1737 870 hac
1759 823 1818 871 de
1838 823 1973 871 causa
2005 838 2075 874 te-

1101 908 1353 962 gerentur.
1378 894 1522 941 Porro
1562 894 1595 939 ii
1623 892 1925 942 emendicato
1959 897 2072 943 Ari-

1100 966 1331 1031 stophanis
1360 965 1570 1012 carmine
1599 964 1720 1011 male
1742 962 1851 1012 freti
1884 962 1933 1010 id
1966 983 2076 1013 con-

1100 1036 1336 1095 tendunt3
1365 1051 1508 1100 quem
1526 1034 1793 1082 Austorem
1826 1038 2073 1102 perperam

1102 1102 1295 1153 versum
1326 1107 1352 1153 a
1385 1102 1637 1152 Scholiaste
1668 1103 1808 1152 docet
1843 1106 2073 1170 Raynau-

1100 1176 1187 1224 dus
1222 1188 1428 1231 tom-13.

1170 1242 1410 1293 Caeterum
1423 1241 1596 1302 nescio,
1610 1261 1668 1291 an
1680 1244 1927 1311 quidpiam
1944 1246 2075 1295 aliud

1098 1331 1307 1381 unquam
1338 1311 1484 1381 poffet
1516 1314 1767 1379 antiquitas
1796 1312 2078 1382 ingeniosa„

1099 1387 1369 1453 excogitare
1386 1420 1402 1443 ,
1429 1383 1557 1451 quod
1587 1386 1900 1433 aeternitatem
1926 1384 2079 1452 aptius

1099 1458 1414 1523 exprimeret,
1442 1473 1494 1501 ac
1524 1456 1673 1523 magis
1698 1452 1882 1522 saperet
1901 1454 2077 1505 divini·

1101 1540 1284 1584 tatem,
1314 1542 1459 1593 quam
1475 1522 1579 1573 suos
1610 1522 1842 1583 Caesares,
1868 1525 2077 1575 Heroas-

1102 1614 1192 1664 que
1217 1596 1296 1645 vel
1318 1597 1441 1663 pacis
1461 1594 1659 1654 aftibus,
1680 1597 1757 1644 vel
1778 1596 1959 1645 virtute
1982 1595 2078 1646 bel-

1103 1668 1193 1714 lica
1208 1662 1426 1730 insignes,
1436 1663 1605 1729 affequi
1618 1663 1903 1730 opinabatur
1919 1701 1929 1711 .
1947 1668 2076 1716 Nam

1103 1731 1562 1802 sapientiffimus'ille
1584 1734 1792 1782 Hermes
1811 1733 2076 1806 Trismegi-

1103 1803 1225 1862 stus,
1267 1804 1377 1852 alias
1410 1805 1713 1862 Mercurius,
1754 1821 1898 1871 quem
1932 1809 2076 1856 tertio

1104 1876 1293 1922 circiter
1311 1872 1486 1921 saeculov
1496 1871 1596 1940 post
1612 1872 1927 1923 universalem
1955 1891 2079 1926 cata-

1105 1941 1352 2011 clysmum
1390 1942 1646 2011 degentem
1690 1942 1893 1991 Abrahae
1932 1966 2077 2013 aequa-

1104 2016 1201 2064 lem
1218 2010 1333 2061 facit
1346 2048 1362 2070 ,
1380 2013 1641 2080 probatque
1658 2014 1936 2062 Alexander
1956 2020 2079 2066 Ara-

1106 2084 1237 2132 bicus
1265 2081 1463 2151 scriptor
1490 2083 1615 2150 apud
1647 2083 1902 2131 Gelandin.
1934 2087 1981 2132 in
2015 2089 2075 2134 li-

1105 2155 1189 2203 bro
1208 2154 1279 2206 De
1309 2153 1585 2219 Sapientlbus
1612 2157 1845 2221 Aegypti,
1870 2156 2075 2205 interro-

1101 2239 1236 2293 gatus
1265 2225 1372 2292 quid
1397 2225 1493 2292 effic
1523 2224 1669 2280 Deus,
1689 2230 1751 2271 nc
1778 2223 2041 2274 doftiflfme*
2061 2263 2076 2283 ,

1103 2293 1427 2364 profundeque
1448 2293 1716 2361 respondit:
1753 2292 1872 2342 Deus
1898 2298 1966 2344 εἶτ’
1995 2302 2077 2345 cir-

1106 2368 1249 2422 culus,
1268 2367 1349 2432 feu
1372 2366 1544 2432 sphaera
1584 2363 1917 2431 intelligibilis,
1961 2373 2078 2433 cujus

1105 2452 1294 2484 centrum
1325 2437 1394 2486 ef}
1413 2434 1588 2504 ubique,
1608 2432 1948 2501 circumftrentia
1981 2439 2075 2505 nusL

1105 2524 1228 2574 quam
1249 2542 1260 2551 .

1175 2574 1398 2643 Qader&
1421 2595 1516 2625 non
1544 2577 1814 2626 hominibus
1845 2575 2071 2629 tantum-„-

1103 2646 1305 2695 dabatur
1332 2647 1426 2695 haec
1458 2645 1650 2714 sp'haera,
1685 2647 1762 2697 sed
1788 2650 2077 2699 animalibus

1102 2719 1278 2773 etiam,
1307 2718 1400 2765 illis
1429 2717 1687 2774 videlicet,
1727 2726 1827 2784 quae
1863 2720 1943 2767 vel
1971 2724 2077 2768 Nu·

1101 2786 1311 2835 minibus
1332 2789 1632 2854 peculiariter
1650 2785 1791 2845 sacra,
1815 2790 1895 2837 vel
1916 2787 2080 2858 suapte

1100 2855 1267 2906 naturai
1282 2870 1450 2905 aeterna
1466 2856 1553 2907 effe
1575 2857 1921 2925 reputabantur
1935 2896 1946 2906 .
1974 2864 2075 2909 Do-

1100 2942 1177 2976 cet
1202 2928 1289 2975 hoc
1311 2945 1532 2977 nummus
1549 2925 1773 2977 Faustinae
1794 2931 1819 2978 a
1837 2932 2076 2997 praecitato

1099 2999 1322 3065 Pignorio
1348 2999 1538 3055 relatus,
1574 3000 1621 3045 in
1652 3016 1746 3064 quo
1781 2995 1985 3065 expressa
2012 2994 2077 3045 se-

1099 3069 1180 3116 det
1196 3069 1474 3125 AEternitas,
1509 3067 1703 3117 dextera
1732 3070 1971 3114 Pavonem
2001 3085 2072 3113 ra-

1100 3138 1284 3186 diatum
1320 3136 1529 3205 gestans,
1580 3151 1635 3185 ut
1673 3139 1720 3182 in
1754 3136 1877 3183 dieta
1909 3135 2072 3183 Tabu-

1105 3210 1150 3256 la
1171 3212 1422 3260 XXXVI.
1447 3209 1632 3272 Fig.14.
1666 3222 1807 3270 quam
1825 3223 1911 3272 ego
1931 3224 2075 3254 avem

1565 3276 1599 3321 P
1638 3291 1663 3319 2
1950 3276 2071 3324 aPi-
