<?xml version="1.0" encoding="UTF-8"?>
<!DOCTYPE html PUBLIC "-//W3C//DTD XHTML 1.0 Transitional//EN"
    "http://www.w3.org/TR/xhtml1/DTD/xhtml1-transitional.dtd">
<html xmlns="http://www.w3.org/1999/xhtml" xml:lang="en" lang="en">
 <head>
  <title>
</title>
<meta http-equiv="Content-Type" content="text/html;charset=utf-8" />
  <meta name='ocr-system' content='tesseract 3.04.00' />
  <meta name='ocr-capabilities' content='ocr_page ocr_carea ocr_par ocr_line ocrx_word'/>
</head>
<body>
  <div class='ocr_page' id='page_1' title='image "./joannisciampinir01ciam_0228.png"; bbox 0 0 2425 3747; ppageno 0'>
   <div class='ocr_carea' id='block_1_1' title="bbox 274 222 367 254">
    <p class='ocr_par' dir='ltr' id='par_1_1' title="bbox 274 222 367 254">
     <span class='ocr_line' id='line_1_1' title="bbox 274 222 367 254; baseline 0 0"><span class='ocrx_word' id='word_1_1' title='bbox 274 222 367 254; x_wconf 82' lang='lat'><strong>110</strong></span> 
     </span>
    </p>
   </div>
   <div class='ocr_carea' id='block_1_2' title="bbox 254 347 1259 3150">
    <p class='ocr_par' dir='ltr' id='par_1_2' title="bbox 254 347 1259 3150">
     <span class='ocr_line' id='line_1_2' title="bbox 254 347 1236 417; baseline 0.006 -24"><span class='ocrx_word' id='word_1_2' title='bbox 254 351 409 417; x_wconf 73' lang='lat' dir='ltr'><strong>ficatio</strong></span> <span class='ocrx_word' id='word_1_3' title='bbox 426 349 495 397; x_wconf 66' lang='lat' dir='ltr'><strong>ef?</strong></span> <span class='ocrx_word' id='word_1_4' title='bbox 520 348 662 397; x_wconf 81' lang='lat' dir='ltr'><strong>laudis</strong></span> <span class='ocrx_word' id='word_1_5' title='bbox 675 380 691 405; x_wconf 88' lang='lat'>,</span> <span class='ocrx_word' id='word_1_6' title='bbox 718 361 962 395; x_wconf 78' lang='lat' dir='ltr'><strong>ornamenta</strong></span> <span class='ocrx_word' id='word_1_7' title='bbox 980 347 1040 395; x_wconf 83' lang='lat' dir='ltr'><strong>ad</strong></span> <span class='ocrx_word' id='word_1_8' title='bbox 1054 367 1236 399; x_wconf 80' lang='lat' dir='ltr'><strong>mortuos</strong></span> 
     </span>
     <span class='ocr_line' id='line_1_3' title="bbox 258 416 1234 485; baseline 0.001 -19"><span class='ocrx_word' id='word_1_9' title='bbox 258 424 480 484; x_wconf 82' lang='lat' dir='ltr'><strong>pertinere</strong></span> <span class='ocrx_word' id='word_1_10' title='bbox 509 452 525 475; x_wconf 89' lang='lat'><strong>,</strong></span> <span class='ocrx_word' id='word_1_11' title='bbox 563 416 673 484; x_wconf 87' lang='lat' dir='ltr'><strong>quod</strong></span> <span class='ocrx_word' id='word_1_12' title='bbox 703 432 894 463; x_wconf 84' lang='lat' dir='ltr'><strong>coronam</strong></span> <span class='ocrx_word' id='word_1_13' title='bbox 929 420 1102 467; x_wconf 79' lang='lat' dir='ltr'><strong>virtute</strong></span> <span class='ocrx_word' id='word_1_14' title='bbox 1130 435 1234 485; x_wconf 82' lang='lat' dir='ltr'><strong>par-</strong></span> 
     </span>
     <span class='ocr_line' id='line_1_4' title="bbox 269 487 1238 555; baseline 0.001 -19"><span class='ocrx_word' id='word_1_15' title='bbox 269 504 358 536; x_wconf 85' lang='lat' dir='ltr'><strong>tam</strong></span> <span class='ocrx_word' id='word_1_16' title='bbox 375 524 389 545; x_wconf 90' lang='lat'><strong><em>,</em></strong></span> <span class='ocrx_word' id='word_1_17' title='bbox 417 492 472 538; x_wconf 70' lang='lat'><strong>&amp;¹</strong></span> <span class='ocrx_word' id='word_1_18' title='bbox 490 492 530 536; x_wconf 80' lang='lat' dir='ltr'><strong>ei</strong></span> <span class='ocrx_word' id='word_1_19' title='bbox 548 487 850 555; x_wconf 71' lang='lat' dir='ltr'><strong>quipeperff’t</strong></span> <span class='ocrx_word' id='word_1_20' title='bbox 864 522 880 544; x_wconf 91' lang='lat'><strong>,</strong></span> <span class='ocrx_word' id='word_1_21' title='bbox 907 489 963 536; x_wconf 67' lang='lat'><strong>&amp;⁴</strong></span> <span class='ocrx_word' id='word_1_22' title='bbox 981 493 1072 552; x_wconf 65' lang='lat' dir='ltr'><strong>qjus</strong></span> <span class='ocrx_word' id='word_1_23' title='bbox 1082 503 1238 555; x_wconf 79' lang='lat' dir='ltr'><strong>paren-</strong></span> 
     </span>
     <span class='ocr_line' id='line_1_5' title="bbox 270 554 1237 625; baseline 0.002 -17"><span class='ocrx_word' id='word_1_24' title='bbox 270 563 308 608; x_wconf 80' lang='lat' dir='ltr'><strong>ci</strong></span> <span class='ocrx_word' id='word_1_25' title='bbox 330 559 419 625; x_wconf 73' lang='lat' dir='ltr'><strong>fine</strong></span> <span class='ocrx_word' id='word_1_26' title='bbox 433 554 596 623; x_wconf 81' lang='lat' dir='ltr'><strong>fraude</strong></span> <span class='ocrx_word' id='word_1_27' title='bbox 624 556 701 624; x_wconf 73' lang='lat' dir='ltr'><strong>effi</strong></span> <span class='ocrx_word' id='word_1_28' title='bbox 726 557 799 605; x_wconf 86' lang='lat' dir='ltr'><strong>lex</strong></span> <span class='ocrx_word' id='word_1_29' title='bbox 827 557 1063 625; x_wconf 71' lang='lat' dir='ltr'><em>impositam</em></span> <span class='ocrx_word' id='word_1_30' title='bbox 1078 559 1237 624; x_wconf 81' lang='lat' dir='ltr'><strong>jubet.</strong></span> 
     </span>
     <span class='ocr_line' id='line_1_6' title="bbox 268 630 1240 695; baseline 0.004 -18"><span class='ocrx_word' id='word_1_31' title='bbox 268 632 580 677; x_wconf 88' lang='lat' dir='ltr'><strong>Mortuorum</strong></span> <span class='ocrx_word' id='word_1_32' title='bbox 602 642 796 674; x_wconf 87' lang='lat' dir='ltr'><strong>coronas</strong></span> <span class='ocrx_word' id='word_1_33' title='bbox 816 630 942 695; x_wconf 88' lang='lat' dir='ltr'><strong>apud</strong></span> <span class='ocrx_word' id='word_1_34' title='bbox 960 642 1142 678; x_wconf 85' lang='lat' dir='ltr'><strong>veteres</strong></span> <span class='ocrx_word' id='word_1_35' title='bbox 1173 644 1240 681; x_wconf 91' lang='lat' dir='ltr'><strong>te-</strong></span> 
     </span>
     <span class='ocr_line' id='line_1_7' title="bbox 271 695 1241 764; baseline 0.005 -19"><span class='ocrx_word' id='word_1_36' title='bbox 271 695 419 764; x_wconf 84' lang='lat' dir='ltr'><strong>tigisse</strong></span> <span class='ocrx_word' id='word_1_37' title='bbox 438 695 630 746; x_wconf 90' lang='lat' dir='ltr'><strong>videtur</strong></span> <span class='ocrx_word' id='word_1_38' title='bbox 647 695 871 746; x_wconf 84' lang='lat' dir='ltr'>Clemens</span> <span class='ocrx_word' id='word_1_39' title='bbox 888 698 1241 750; x_wconf 80' lang='lat' dir='ltr'><strong>Alexandrinus</strong></span> 
     </span>
     <span class='ocr_line' id='line_1_8' title="bbox 271 765 1242 836; baseline 0.008 -23"><span class='ocrx_word' id='word_1_40' title='bbox 271 767 352 816; x_wconf 89' lang='lat' dir='ltr'><strong>lib.</strong></span> <span class='ocrx_word' id='word_1_41' title='bbox 376 784 421 813; x_wconf 89' lang='lat'><strong>2.</strong></span> <span class='ocrx_word' id='word_1_42' title='bbox 449 765 539 816; x_wconf 91' lang='lat' dir='ltr'><strong>ibi:</strong></span> <span class='ocrx_word' id='word_1_43' title='bbox 569 767 615 818; x_wconf 91' lang='lat' dir='ltr'><em>A</em></span> <span class='ocrx_word' id='word_1_44' title='bbox 633 766 784 823; x_wconf 71' lang='lat' dir='ltr'><strong>turba,</strong></span> <span class='ocrx_word' id='word_1_45' title='bbox 810 770 865 818; x_wconf 72' lang='lat' dir='ltr'><strong>c&amp;</strong></span> <span class='ocrx_word' id='word_1_46' title='bbox 891 773 1054 836; x_wconf 75' lang='lat' dir='ltr'><strong>negotio</strong></span> <span class='ocrx_word' id='word_1_47' title='bbox 1080 789 1242 821; x_wconf 73' lang='lat' dir='ltr'><strong>remotae</strong></span> 
     </span>
     <span class='ocr_line' id='line_1_9' title="bbox 257 837 1242 908; baseline 0.01 -25"><span class='ocrx_word' id='word_1_48' title='bbox 257 839 509 908; x_wconf 79' lang='lat' dir='ltr'><em>securitatis</em></span> <span class='ocrx_word' id='word_1_49' title='bbox 523 837 698 906; x_wconf 77' lang='lat' dir='ltr'><strong>fignum</strong></span> <span class='ocrx_word' id='word_1_50' title='bbox 727 838 795 886; x_wconf 60' lang='lat' dir='ltr'><strong>esf?</strong></span> <span class='ocrx_word' id='word_1_51' title='bbox 819 856 968 886; x_wconf 79' lang='lat' dir='ltr'><strong>corona</strong></span> <span class='ocrx_word' id='word_1_52' title='bbox 990 874 1005 896; x_wconf 91' lang='lat'><strong>,</strong></span> <span class='ocrx_word' id='word_1_53' title='bbox 1040 849 1165 908; x_wconf 64' lang='lat' dir='ltr'><strong>quar&amp;</strong></span> <span class='ocrx_word' id='word_1_54' title='bbox 1195 849 1242 893; x_wconf 66' lang='lat' dir='ltr'><strong>ec}</strong></span> 
     </span>
     <span class='ocr_line' id='line_1_10' title="bbox 270 908 1240 976; baseline 0.003 -19"><span class='ocrx_word' id='word_1_55' title='bbox 270 918 326 957; x_wconf 67' lang='lat'><strong>(9²</strong></span> <span class='ocrx_word' id='word_1_56' title='bbox 343 924 525 957; x_wconf 80' lang='lat' dir='ltr'><strong>mortuos</strong></span> <span class='ocrx_word' id='word_1_57' title='bbox 550 924 748 956; x_wconf 81' lang='lat' dir='ltr'><strong>coronant</strong></span> <span class='ocrx_word' id='word_1_58' title='bbox 765 942 778 954; x_wconf 83' lang='lat'>.</span> <span class='ocrx_word' id='word_1_59' title='bbox 815 908 997 976; x_wconf 83' lang='lat' dir='ltr'><strong>Legem</strong></span> <span class='ocrx_word' id='word_1_60' title='bbox 1023 910 1141 959; x_wconf 88' lang='lat' dir='ltr'><strong>hanc</strong></span> <span class='ocrx_word' id='word_1_61' title='bbox 1160 931 1240 961; x_wconf 85' lang='lat' dir='ltr'><strong>co·</strong></span> 
     </span>
     <span class='ocr_line' id='line_1_11' title="bbox 269 977 1243 1044; baseline 0.005 -19"><span class='ocrx_word' id='word_1_62' title='bbox 269 978 469 1026; x_wconf 72' lang='lat' dir='ltr'><strong>sonandi</strong></span> <span class='ocrx_word' id='word_1_63' title='bbox 504 977 751 1027; x_wconf 57' lang='lat' dir='ltr'><strong>defunetos</strong></span> <span class='ocrx_word' id='word_1_64' title='bbox 778 979 996 1044; x_wconf 74' lang='lat' dir='ltr'><strong>primaevi</strong></span> <span class='ocrx_word' id='word_1_65' title='bbox 1029 980 1243 1030; x_wconf 86' lang='lat' dir='ltr'><strong>Ecclefiae</strong></span> 
     </span>
     <span class='ocr_line' id='line_1_12' title="bbox 272 1045 1244 1119; baseline 0.006 -25"><span class='ocrx_word' id='word_1_66' title='bbox 272 1049 429 1097; x_wconf 87' lang='lat' dir='ltr'><strong>Patres</strong></span> <span class='ocrx_word' id='word_1_67' title='bbox 465 1045 523 1095; x_wconf 84' lang='lat' dir='ltr'><strong>ab</strong></span> <span class='ocrx_word' id='word_1_68' title='bbox 557 1049 761 1114; x_wconf 84' lang='lat' dir='ltr'>antiquis</span> <span class='ocrx_word' id='word_1_69' title='bbox 796 1046 1074 1098; x_wconf 87' lang='lat' dir='ltr'><strong>Christianis</strong></span> <span class='ocrx_word' id='word_1_70' title='bbox 1105 1069 1244 1119; x_wconf 90' lang='lat' dir='ltr'><strong>repu-</strong></span> 
     </span>
     <span class='ocr_line' id='line_1_13' title="bbox 272 1115 1246 1190; baseline 0.005 -24"><span class='ocrx_word' id='word_1_71' title='bbox 272 1118 453 1166; x_wconf 87' lang='lat' dir='ltr'><strong>diatam</strong></span> <span class='ocrx_word' id='word_1_72' title='bbox 468 1115 725 1176; x_wconf 87' lang='lat' dir='ltr'><strong>testantur,</strong></span> <span class='ocrx_word' id='word_1_73' title='bbox 740 1117 999 1186; x_wconf 62' lang='lat' dir='ltr'><strong>praesertim</strong></span> <span class='ocrx_word' id='word_1_74' title='bbox 1019 1117 1133 1190; x_wconf 60' lang='lat' dir='ltr'><strong>saepe</strong></span> <span class='ocrx_word' id='word_1_75' title='bbox 1149 1123 1246 1170; x_wconf 89' lang='lat' dir='ltr'><strong>lau-</strong></span> 
     </span>
     <span class='ocr_line' id='line_1_14' title="bbox 273 1187 1244 1244; baseline -0.001 -7"><span class='ocrx_word' id='word_1_76' title='bbox 273 1189 409 1238; x_wconf 87' lang='lat' dir='ltr'><strong>datus</strong></span> <span class='ocrx_word' id='word_1_77' title='bbox 428 1187 755 1237; x_wconf 78' lang='lat' dir='ltr'>Tertullianus</span> <span class='ocrx_word' id='word_1_78' title='bbox 776 1189 882 1237; x_wconf 87' lang='lat' dir='ltr'><strong>loco</strong></span> <span class='ocrx_word' id='word_1_79' title='bbox 896 1191 976 1237; x_wconf 90' lang='lat' dir='ltr'><strong>cit.</strong></span> <span class='ocrx_word' id='word_1_80' title='bbox 993 1191 1063 1241; x_wconf 82' lang='lat' dir='ltr'><strong>De</strong></span> <span class='ocrx_word' id='word_1_81' title='bbox 1081 1196 1244 1244; x_wconf 79' lang='lat' dir='ltr'><strong>Corona</strong></span> 
     </span>
     <span class='ocr_line' id='line_1_15' title="bbox 273 1257 1244 1335; baseline 0.003 -24"><span class='ocrx_word' id='word_1_82' title='bbox 273 1259 428 1311; x_wconf 81' lang='lat' dir='ltr'><em>Milic.</em></span> <span class='ocrx_word' id='word_1_83' title='bbox 456 1277 556 1327; x_wconf 88' lang='lat' dir='ltr'><strong>cap.</strong></span> <span class='ocrx_word' id='word_1_84' title='bbox 587 1281 662 1310; x_wconf 87' lang='lat'><strong>10.</strong></span> <span class='ocrx_word' id='word_1_85' title='bbox 699 1257 782 1305; x_wconf 86' lang='lat' dir='ltr'><strong>ubi</strong></span> <span class='ocrx_word' id='word_1_86' title='bbox 811 1257 900 1308; x_wconf 82' lang='lat' dir='ltr'><strong>fic:</strong></span> <span class='ocrx_word' id='word_1_87' title='bbox 931 1258 1071 1335; x_wconf 74' lang='lat' dir='ltr'><strong>Qid</strong></span> <span class='ocrx_word' id='word_1_88' title='bbox 1093 1269 1244 1314; x_wconf 65' lang='lat' dir='ltr'><strong>eninL,</strong></span> 
     </span>
     <span class='ocr_line' id='line_1_16' title="bbox 275 1331 1248 1402; baseline 0.003 -23"><span class='ocrx_word' id='word_1_89' title='bbox 275 1348 363 1379; x_wconf 76' lang='lat' dir='ltr'><strong>zam</strong></span> <span class='ocrx_word' id='word_1_90' title='bbox 388 1331 617 1397; x_wconf 83' lang='lat' dir='ltr'><strong>indignum</strong></span> <span class='ocrx_word' id='word_1_91' title='bbox 637 1331 757 1386; x_wconf 85' lang='lat' dir='ltr'><strong>De0,</strong></span> <span class='ocrx_word' id='word_1_92' title='bbox 787 1336 910 1397; x_wconf 58' lang='lat' dir='ltr'><strong>qudm</strong></span> <span class='ocrx_word' id='word_1_93' title='bbox 939 1333 1052 1398; x_wconf 81' lang='lat' dir='ltr'><strong>quod</strong></span> <span class='ocrx_word' id='word_1_94' title='bbox 1069 1334 1248 1402; x_wconf 67' lang='lat' dir='ltr'><strong>dignum</strong></span> 
     </span>
     <span class='ocr_line' id='line_1_17' title="bbox 274 1399 1247 1474; baseline 0.003 -23"><span class='ocrx_word' id='word_1_95' title='bbox 274 1399 424 1451; x_wconf 79' lang='lat' dir='ltr'><strong>Idolo?</strong></span> <span class='ocrx_word' id='word_1_96' title='bbox 453 1401 592 1474; x_wconf 76' lang='lat' dir='ltr'><strong>Qid</strong></span> <span class='ocrx_word' id='word_1_97' title='bbox 611 1416 748 1449; x_wconf 83' lang='lat' dir='ltr'><strong>autem</strong></span> <span class='ocrx_word' id='word_1_98' title='bbox 779 1417 867 1448; x_wconf 81' lang='lat' dir='ltr'><strong>tam</strong></span> <span class='ocrx_word' id='word_1_99' title='bbox 891 1401 1069 1470; x_wconf 82' lang='lat' dir='ltr'><strong>dignum</strong></span> <span class='ocrx_word' id='word_1_100' title='bbox 1100 1405 1247 1462; x_wconf 84' lang='lat' dir='ltr'><strong>Idolo,</strong></span> 
     </span>
     <span class='ocr_line' id='line_1_18' title="bbox 274 1475 1246 1541; baseline 0.004 -22"><span class='ocrx_word' id='word_1_101' title='bbox 274 1477 401 1541; x_wconf 66' lang='lat' dir='ltr'><strong>qudm</strong></span> <span class='ocrx_word' id='word_1_102' title='bbox 432 1475 542 1539; x_wconf 85' lang='lat' dir='ltr'><strong>quod</strong></span> <span class='ocrx_word' id='word_1_103' title='bbox 570 1476 625 1522; x_wconf 67' lang='lat' dir='ltr'><strong>&lt;T</strong></span> <span class='ocrx_word' id='word_1_104' title='bbox 644 1482 829 1518; x_wconf 83' lang='lat' dir='ltr'><strong>mortuo?</strong></span> <span class='ocrx_word' id='word_1_105' title='bbox 867 1488 963 1519; x_wconf 82' lang='lat' dir='ltr'><strong>nam</strong></span> <span class='ocrx_word' id='word_1_106' title='bbox 994 1476 1049 1523; x_wconf 68' lang='lat'><strong>&amp;¹</strong></span> <span class='ocrx_word' id='word_1_107' title='bbox 1068 1493 1246 1525; x_wconf 82' lang='lat' dir='ltr'><strong>mortuo-</strong></span> 
     </span>
     <span class='ocr_line' id='line_1_19' title="bbox 275 1544 1257 1613; baseline 0 -21"><span class='ocrx_word' id='word_1_108' title='bbox 275 1560 370 1592; x_wconf 74' lang='lat' dir='ltr'><strong>rum</strong></span> <span class='ocrx_word' id='word_1_109' title='bbox 397 1544 464 1592; x_wconf 64' lang='lat' dir='ltr'><strong>eff</strong></span> <span class='ocrx_word' id='word_1_110' title='bbox 495 1546 559 1592; x_wconf 84' lang='lat' dir='ltr'><strong>ita</strong></span> <span class='ocrx_word' id='word_1_111' title='bbox 590 1544 778 1590; x_wconf 85' lang='lat' dir='ltr'><strong>coronari</strong></span> <span class='ocrx_word' id='word_1_112' title='bbox 802 1577 818 1599; x_wconf 87' lang='lat'><strong>,</strong></span> <span class='ocrx_word' id='word_1_113' title='bbox 853 1547 1048 1609; x_wconf 81' lang='lat' dir='ltr'><strong>quoniam</strong></span> <span class='ocrx_word' id='word_1_114' title='bbox 1084 1550 1139 1597; x_wconf 60' lang='grc' dir='ltr'><strong>ὼ·</strong></span> <span class='ocrx_word' id='word_1_115' title='bbox 1169 1545 1257 1613; x_wconf 78' lang='lat' dir='ltr'><strong>ipsi</strong></span> 
     </span>
     <span class='ocr_line' id='line_1_20' title="bbox 276 1612 1250 1681; baseline 0.003 -19"><span class='ocrx_word' id='word_1_116' title='bbox 276 1612 398 1662; x_wconf 77' lang='lat' dir='ltr'><strong>Idola</strong></span> <span class='ocrx_word' id='word_1_117' title='bbox 424 1614 579 1661; x_wconf 64' lang='lat' dir='ltr'><strong>§latim</strong></span> <span class='ocrx_word' id='word_1_118' title='bbox 598 1615 721 1681; x_wconf 83' lang='lat' dir='ltr'><strong>fiunt</strong></span> <span class='ocrx_word' id='word_1_119' title='bbox 746 1616 800 1660; x_wconf 63' lang='lat'><strong>(9¹</strong></span> <span class='ocrx_word' id='word_1_120' title='bbox 831 1612 1014 1670; x_wconf 79' lang='lat' dir='ltr'><strong>habitu,</strong></span> <span class='ocrx_word' id='word_1_121' title='bbox 1050 1619 1105 1665; x_wconf 56' lang='grc' dir='ltr'><strong>ἐπ’</strong></span> <span class='ocrx_word' id='word_1_122' title='bbox 1136 1618 1250 1665; x_wconf 84' lang='lat' dir='ltr'><strong>cultu</strong></span> 
     </span>
     <span class='ocr_line' id='line_1_21' title="bbox 275 1681 1252 1748; baseline 0.002 -18"><span class='ocrx_word' id='word_1_123' title='bbox 275 1683 598 1748; x_wconf 81' lang='lat' dir='ltr'><strong>consecrationis</strong></span> <span class='ocrx_word' id='word_1_124' title='bbox 626 1715 642 1734; x_wconf 86' lang='lat'>‚</span> <span class='ocrx_word' id='word_1_125' title='bbox 678 1699 761 1746; x_wconf 84' lang='lat' dir='ltr'><strong>quae</strong></span> <span class='ocrx_word' id='word_1_126' title='bbox 785 1681 900 1743; x_wconf 78' lang='lat' dir='ltr'><strong>apud</strong></span> <span class='ocrx_word' id='word_1_127' title='bbox 929 1702 1002 1727; x_wconf 88' lang='lat' dir='ltr'><strong>nos</strong></span> <span class='ocrx_word' id='word_1_128' title='bbox 1017 1685 1252 1748; x_wconf 46' lang='lat' dir='ltr'><strong>sbcundcz„</strong></span> 
     </span>
     <span class='ocr_line' id='line_1_22' title="bbox 273 1748 1249 1802; baseline -0.002 0"><span class='ocrx_word' id='word_1_129' title='bbox 273 1752 483 1802; x_wconf 77' lang='lat' dir='ltr'><em>idolatria</em></span> <span class='ocrx_word' id='word_1_130' title='bbox 503 1751 569 1800; x_wconf 63' lang='lat' dir='ltr'><strong>eff</strong></span> <span class='ocrx_word' id='word_1_131' title='bbox 587 1784 597 1794; x_wconf 88' lang='lat'><strong>.</strong></span> <span class='ocrx_word' id='word_1_132' title='bbox 623 1748 867 1797; x_wconf 89' lang='lat' dir='ltr'><strong>Minucius</strong></span> <span class='ocrx_word' id='word_1_133' title='bbox 882 1749 1017 1800; x_wconf 81' lang='lat' dir='ltr'><strong>Felix</strong></span> <span class='ocrx_word' id='word_1_134' title='bbox 1038 1753 1083 1800; x_wconf 88' lang='lat' dir='ltr'><strong>in</strong></span> <span class='ocrx_word' id='word_1_135' title='bbox 1102 1753 1249 1802; x_wconf 58' lang='lat' dir='ltr'><strong>Oeta-</strong></span> 
     </span>
     <span class='ocr_line' id='line_1_23' title="bbox 275 1819 1252 1887; baseline 0.001 -17"><span class='ocrx_word' id='word_1_136' title='bbox 275 1824 359 1871; x_wconf 86' lang='lat' dir='ltr'><strong>vio</strong></span> <span class='ocrx_word' id='word_1_137' title='bbox 380 1824 474 1869; x_wconf 81' lang='lat' dir='ltr'><strong>haec</strong></span> <span class='ocrx_word' id='word_1_138' title='bbox 495 1819 662 1869; x_wconf 82' lang='lat' dir='ltr'><strong>habet:</strong></span> <span class='ocrx_word' id='word_1_139' title='bbox 691 1821 725 1870; x_wconf 84' lang='lat' dir='ltr'><em>S</em></span> <span class='ocrx_word' id='word_1_140' title='bbox 727 1823 804 1867; x_wconf 64' lang='lat' dir='ltr'><strong>an&amp;</strong></span> <span class='ocrx_word' id='word_1_141' title='bbox 829 1821 941 1887; x_wconf 87' lang='lat' dir='ltr'><strong>quod</strong></span> <span class='ocrx_word' id='word_1_142' title='bbox 953 1834 1076 1885; x_wconf 81' lang='lat' dir='ltr'><strong>caput</strong></span> <span class='ocrx_word' id='word_1_143' title='bbox 1094 1841 1174 1871; x_wconf 90' lang='lat' dir='ltr'><strong>non</strong></span> <span class='ocrx_word' id='word_1_144' title='bbox 1190 1842 1252 1871; x_wconf 88' lang='lat' dir='ltr'><strong>co-</strong></span> 
     </span>
     <span class='ocr_line' id='line_1_24' title="bbox 275 1890 1252 1960; baseline -0.004 -16"><span class='ocrx_word' id='word_1_145' title='bbox 275 1911 469 1944; x_wconf 73' lang='lat' dir='ltr'><strong>ronemus</strong></span> <span class='ocrx_word' id='word_1_146' title='bbox 484 1928 499 1950; x_wconf 93' lang='lat'><strong>,</strong></span> <span class='ocrx_word' id='word_1_147' title='bbox 514 1892 720 1960; x_wconf 78' lang='lat' dir='ltr'><strong>ignofiite</strong></span> <span class='ocrx_word' id='word_1_148' title='bbox 735 1910 747 1937; x_wconf 88' lang='lat'>:</span> <span class='ocrx_word' id='word_1_149' title='bbox 763 1905 909 1939; x_wconf 84' lang='lat' dir='ltr'><strong>auram</strong></span> <span class='ocrx_word' id='word_1_150' title='bbox 926 1890 1025 1940; x_wconf 80' lang='lat' dir='ltr'><em>boni</em></span> <span class='ocrx_word' id='word_1_151' title='bbox 1041 1892 1163 1957; x_wconf 77' lang='lat' dir='ltr'><strong>floris</strong></span> <span class='ocrx_word' id='word_1_152' title='bbox 1180 1911 1252 1940; x_wconf 85' lang='lat' dir='ltr'><strong>na-</strong></span> 
     </span>
     <span class='ocr_line' id='line_1_25' title="bbox 275 1961 1251 2033; baseline 0 -20"><span class='ocrx_word' id='word_1_153' title='bbox 275 1964 397 2016; x_wconf 73' lang='lat' dir='ltr'><strong>ribus</strong></span> <span class='ocrx_word' id='word_1_154' title='bbox 415 1964 562 2012; x_wconf 81' lang='lat' dir='ltr'><strong>ducere</strong></span> <span class='ocrx_word' id='word_1_155' title='bbox 576 1997 592 2019; x_wconf 88' lang='lat'>,</span> <span class='ocrx_word' id='word_1_156' title='bbox 607 1980 688 2009; x_wconf 91' lang='lat' dir='ltr'><strong>non</strong></span> <span class='ocrx_word' id='word_1_157' title='bbox 712 1961 924 2026; x_wconf 83' lang='lat' dir='ltr'><strong>occipitio,</strong></span> <span class='ocrx_word' id='word_1_158' title='bbox 939 1964 1172 2031; x_wconf 78' lang='lat' dir='ltr'><strong>capillisve</strong></span> <span class='ocrx_word' id='word_1_159' title='bbox 1177 1965 1251 2033; x_wconf 79' lang='lat' dir='ltr'><strong>fh·</strong></span> 
     </span>
     <span class='ocr_line' id='line_1_26' title="bbox 281 2034 1250 2089; baseline -0.004 -5"><span class='ocrx_word' id='word_1_160' title='bbox 281 2037 417 2084; x_wconf 84' lang='lat' dir='ltr'><strong>lemus</strong></span> <span class='ocrx_word' id='word_1_161' title='bbox 446 2034 649 2089; x_wconf 74' lang='lat' dir='ltr'><strong>haurire,</strong></span> <span class='ocrx_word' id='word_1_162' title='bbox 679 2050 750 2079; x_wconf 85' lang='lat' dir='ltr'><strong>nec</strong></span> <span class='ocrx_word' id='word_1_163' title='bbox 776 2048 957 2080; x_wconf 85' lang='lat' dir='ltr'><strong>mortuos</strong></span> <span class='ocrx_word' id='word_1_164' title='bbox 984 2051 1223 2082; x_wconf 83' lang='lat' dir='ltr'><em>coronamus</em></span> <span class='ocrx_word' id='word_1_165' title='bbox 1240 2069 1250 2080; x_wconf 90' lang='lat'><strong>.</strong></span> 
     </span>
     <span class='ocr_line' id='line_1_27' title="bbox 280 2101 1253 2171; baseline 0.001 -21"><span class='ocrx_word' id='word_1_166' title='bbox 280 2104 372 2171; x_wconf 82' lang='lat' dir='ltr'><strong>Ego</strong></span> <span class='ocrx_word' id='word_1_167' title='bbox 400 2121 483 2152; x_wconf 82' lang='lat' dir='ltr'><strong>vos</strong></span> <span class='ocrx_word' id='word_1_168' title='bbox 516 2105 564 2150; x_wconf 80' lang='lat' dir='ltr'><strong>in</strong></span> <span class='ocrx_word' id='word_1_169' title='bbox 592 2103 667 2150; x_wconf 83' lang='lat' dir='ltr'><strong>hoc</strong></span> <span class='ocrx_word' id='word_1_170' title='bbox 682 2101 799 2170; x_wconf 64' lang='lat' dir='ltr'><strong>sinis</strong></span> <span class='ocrx_word' id='word_1_171' title='bbox 829 2108 960 2152; x_wconf 83' lang='lat' dir='ltr'><strong>miror</strong></span> <span class='ocrx_word' id='word_1_172' title='bbox 989 2106 1253 2171; x_wconf 79' lang='lat' dir='ltr'><strong>quemadmo-</strong></span> 
     </span>
     <span class='ocr_line' id='line_1_28' title="bbox 281 2171 1256 2243; baseline 0.001 -21"><span class='ocrx_word' id='word_1_173' title='bbox 281 2175 386 2222; x_wconf 64' lang='lat' dir='ltr'><strong>ditm</strong></span> <span class='ocrx_word' id='word_1_174' title='bbox 405 2171 610 2221; x_wconf 71' lang='lat' dir='ltr'><strong>tribuatis</strong></span> <span class='ocrx_word' id='word_1_175' title='bbox 629 2175 854 2229; x_wconf 85' lang='lat' dir='ltr'><strong>exanimi,</strong></span> <span class='ocrx_word' id='word_1_176' title='bbox 878 2177 933 2223; x_wconf 58' lang='lat' dir='ltr'><strong>CT</strong></span> <span class='ocrx_word' id='word_1_177' title='bbox 953 2190 1033 2221; x_wconf 87' lang='lat' dir='ltr'><strong>non</strong></span> <span class='ocrx_word' id='word_1_178' title='bbox 1039 2177 1256 2243; x_wconf 64' lang='lat' dir='ltr'><strong>sbntienti</strong></span> 
     </span>
     <span class='ocr_line' id='line_1_29' title="bbox 279 2242 1257 2314; baseline 0.004 -23"><span class='ocrx_word' id='word_1_179' title='bbox 279 2258 474 2291; x_wconf 81' lang='lat' dir='ltr'><strong>coronam</strong></span> <span class='ocrx_word' id='word_1_180' title='bbox 491 2278 506 2301; x_wconf 85' lang='lat'>‚</span> <span class='ocrx_word' id='word_1_181' title='bbox 535 2246 627 2291; x_wconf 57' lang='lat' dir='ltr'><strong>cstm</strong></span> <span class='ocrx_word' id='word_1_182' title='bbox 651 2246 707 2293; x_wconf 61' lang='grc' dir='ltr'><strong>(Τ</strong></span> <span class='ocrx_word' id='word_1_183' title='bbox 733 2242 876 2291; x_wconf 83' lang='lat' dir='ltr'><strong>beatus</strong></span> <span class='ocrx_word' id='word_1_184' title='bbox 917 2260 998 2291; x_wconf 83' lang='lat' dir='ltr'><strong>non</strong></span> <span class='ocrx_word' id='word_1_185' title='bbox 1025 2262 1143 2314; x_wconf 83' lang='lat' dir='ltr'><strong>egeat</strong></span> <span class='ocrx_word' id='word_1_186' title='bbox 1157 2282 1172 2303; x_wconf 90' lang='lat'>,</span> <span class='ocrx_word' id='word_1_187' title='bbox 1202 2248 1257 2295; x_wconf 61' lang='grc' dir='ltr'><strong>ὼ*</strong></span> 
     </span>
     <span class='ocr_line' id='line_1_30' title="bbox 279 2311 1257 2382; baseline 0.001 -20"><span class='ocrx_word' id='word_1_188' title='bbox 279 2314 409 2382; x_wconf 76' lang='lat' dir='ltr'><strong>mifi’r</strong></span> <span class='ocrx_word' id='word_1_189' title='bbox 437 2332 518 2361; x_wconf 89' lang='lat' dir='ltr'><strong>non</strong></span> <span class='ocrx_word' id='word_1_190' title='bbox 539 2313 725 2382; x_wconf 79' lang='lat' dir='ltr'><strong>gaudeat</strong></span> <span class='ocrx_word' id='word_1_191' title='bbox 732 2311 919 2381; x_wconf 83' lang='lat' dir='ltr'><strong>floribus</strong></span> <span class='ocrx_word' id='word_1_192' title='bbox 937 2351 948 2361; x_wconf 91' lang='lat'>.</span> <span class='ocrx_word' id='word_1_193' title='bbox 975 2317 1075 2382; x_wconf 85' lang='lat' dir='ltr'><strong>Ego</strong></span> <span class='ocrx_word' id='word_1_194' title='bbox 1097 2329 1257 2365; x_wconf 81' lang='lat' dir='ltr'><strong>autem</strong></span> 
     </span>
     <span class='ocr_line' id='line_1_31' title="bbox 280 2381 1255 2451; baseline 0.006 -22"><span class='ocrx_word' id='word_1_195' title='bbox 280 2396 395 2431; x_wconf 87' lang='lat' dir='ltr'><strong>tunc</strong></span> <span class='ocrx_word' id='word_1_196' title='bbox 426 2385 651 2451; x_wconf 82' lang='lat' dir='ltr'><strong>temporis</strong></span> <span class='ocrx_word' id='word_1_197' title='bbox 675 2383 964 2434; x_wconf 86' lang='lat' dir='ltr'><strong>Christianos</strong></span> <span class='ocrx_word' id='word_1_198' title='bbox 993 2381 1255 2435; x_wconf 78' lang='lat' dir='ltr'><strong>abstinuisse</strong></span> 
     </span>
     <span class='ocr_line' id='line_1_32' title="bbox 282 2454 1259 2524; baseline 0.003 -23"><span class='ocrx_word' id='word_1_199' title='bbox 282 2455 472 2502; x_wconf 90' lang='lat' dir='ltr'><strong>coronis</strong></span> <span class='ocrx_word' id='word_1_200' title='bbox 488 2467 703 2503; x_wconf 86' lang='lat' dir='ltr'><strong>mortuos</strong></span> <span class='ocrx_word' id='word_1_201' title='bbox 721 2454 947 2505; x_wconf 87' lang='lat' dir='ltr'><strong>redimire</strong></span> <span class='ocrx_word' id='word_1_202' title='bbox 968 2474 1063 2505; x_wconf 90' lang='lat' dir='ltr'><strong>non</strong></span> <span class='ocrx_word' id='word_1_203' title='bbox 1080 2459 1259 2524; x_wconf 82' lang='lat' dir='ltr'><strong>impro·</strong></span> 
     </span>
     <span class='ocr_line' id='line_1_33' title="bbox 283 2521 1258 2595; baseline 0.006 -25"><span class='ocrx_word' id='word_1_204' title='bbox 283 2521 346 2572; x_wconf 86' lang='lat' dir='ltr'><strong>bo</strong></span> <span class='ocrx_word' id='word_1_205' title='bbox 367 2559 382 2581; x_wconf 92' lang='lat'><strong>,</strong></span> <span class='ocrx_word' id='word_1_206' title='bbox 415 2521 526 2571; x_wconf 74' lang='lat' dir='ltr'><strong>cum</strong></span> <span class='ocrx_word' id='word_1_207' title='bbox 562 2525 609 2571; x_wconf 88' lang='lat' dir='ltr'><strong>in</strong></span> <span class='ocrx_word' id='word_1_208' title='bbox 644 2524 850 2573; x_wconf 75' lang='lat' dir='ltr'>exordiis</span> <span class='ocrx_word' id='word_1_209' title='bbox 874 2561 890 2584; x_wconf 90' lang='lat'><strong>,</strong></span> <span class='ocrx_word' id='word_1_210' title='bbox 926 2527 976 2576; x_wconf 72' lang='grc' dir='ltr'>ἃ</span> <span class='ocrx_word' id='word_1_211' title='bbox 1004 2530 1258 2595; x_wconf 56' lang='lat' dir='ltr'><strong>vagiente&gt;</strong></span> 
     </span>
     <span class='ocr_line' id='line_1_34' title="bbox 283 2591 1256 2646; baseline 0.004 -6"><span class='ocrx_word' id='word_1_212' title='bbox 283 2593 438 2641; x_wconf 80' lang='lat' dir='ltr'><strong>adhuc</strong></span> <span class='ocrx_word' id='word_1_213' title='bbox 464 2591 670 2642; x_wconf 67' lang='lat' dir='ltr'><strong>Ecclesia</strong></span> <span class='ocrx_word' id='word_1_214' title='bbox 693 2595 866 2643; x_wconf 89' lang='lat' dir='ltr'><strong>nimius</strong></span> <span class='ocrx_word' id='word_1_215' title='bbox 889 2597 980 2644; x_wconf 89' lang='lat' dir='ltr'><strong>illis</strong></span> <span class='ocrx_word' id='word_1_216' title='bbox 1007 2593 1165 2646; x_wconf 71' lang='lat' dir='ltr'><strong>inesset</strong></span> <span class='ocrx_word' id='word_1_217' title='bbox 1185 2613 1256 2644; x_wconf 89' lang='lat' dir='ltr'><strong>re·</strong></span> 
     </span>
     <span class='ocr_line' id='line_1_35' title="bbox 285 2661 1255 2729; baseline 0.004 -19"><span class='ocrx_word' id='word_1_218' title='bbox 285 2662 476 2729; x_wconf 86' lang='lat' dir='ltr'><strong>ligionis</strong></span> <span class='ocrx_word' id='word_1_219' title='bbox 495 2661 685 2721; x_wconf 84' lang='lat' dir='ltr'><strong>fervor,</strong></span> <span class='ocrx_word' id='word_1_220' title='bbox 711 2665 760 2715; x_wconf 84' lang='lat'>&amp;</span> <span class='ocrx_word' id='word_1_221' title='bbox 782 2666 1098 2716; x_wconf 86' lang='lat' dir='ltr'><strong>verecundia.</strong></span> <span class='ocrx_word' id='word_1_222' title='bbox 1129 2665 1255 2714; x_wconf 86' lang='lat' dir='ltr'><strong>Post-</strong></span> 
     </span>
     <span class='ocr_line' id='line_1_36' title="bbox 286 2732 1258 2806; baseline 0.006 -27"><span class='ocrx_word' id='word_1_223' title='bbox 286 2732 488 2781; x_wconf 85' lang='lat' dir='ltr'>modum</span> <span class='ocrx_word' id='word_1_224' title='bbox 525 2734 642 2784; x_wconf 74' lang='lat' dir='ltr'><strong>vero</strong></span> <span class='ocrx_word' id='word_1_225' title='bbox 674 2734 841 2784; x_wconf 67' lang='lat' dir='ltr'><strong>eadem</strong></span> <span class='ocrx_word' id='word_1_226' title='bbox 872 2738 919 2783; x_wconf 91' lang='lat' dir='ltr'><strong>in</strong></span> <span class='ocrx_word' id='word_1_227' title='bbox 949 2755 1061 2806; x_wconf 87' lang='lat' dir='ltr'><strong>pace</strong></span> <span class='ocrx_word' id='word_1_228' title='bbox 1094 2736 1258 2786; x_wconf 85' lang='lat' dir='ltr'><strong>adole-</strong></span> 
     </span>
     <span class='ocr_line' id='line_1_37' title="bbox 285 2798 1256 2875; baseline 0.005 -25"><span class='ocrx_word' id='word_1_229' title='bbox 285 2798 460 2860; x_wconf 85' lang='lat' dir='ltr'><strong>scente,</strong></span> <span class='ocrx_word' id='word_1_230' title='bbox 474 2799 704 2853; x_wconf 77' lang='lat' dir='ltr'>similibus</span> <span class='ocrx_word' id='word_1_231' title='bbox 723 2809 908 2855; x_wconf 89' lang='lat' dir='ltr'><strong>coronis</strong></span> <span class='ocrx_word' id='word_1_232' title='bbox 922 2844 936 2864; x_wconf 88' lang='lat'>‚</span> <span class='ocrx_word' id='word_1_233' title='bbox 956 2803 1159 2875; x_wconf 85' lang='lat' dir='ltr'><strong>liliisque</strong></span> <span class='ocrx_word' id='word_1_234' title='bbox 1179 2824 1256 2855; x_wconf 84' lang='lat' dir='ltr'><strong>co-</strong></span> 
     </span>
     <span class='ocr_line' id='line_1_38' title="bbox 286 2871 1257 2945; baseline 0.001 -23"><span class='ocrx_word' id='word_1_235' title='bbox 286 2871 485 2922; x_wconf 87' lang='lat' dir='ltr'><strong>ronandi</strong></span> <span class='ocrx_word' id='word_1_236' title='bbox 511 2873 768 2933; x_wconf 87' lang='lat' dir='ltr'><strong>cadavera,</strong></span> <span class='ocrx_word' id='word_1_237' title='bbox 806 2875 1063 2943; x_wconf 64' lang='lat' dir='ltr'><strong>praesertim</strong></span> <span class='ocrx_word' id='word_1_238' title='bbox 1092 2878 1257 2945; x_wconf 87' lang='lat' dir='ltr'><strong>Virgi-</strong></span> 
     </span>
     <span class='ocr_line' id='line_1_39' title="bbox 287 2943 1259 3001; baseline 0.002 -9"><span class='ocrx_word' id='word_1_239' title='bbox 287 2960 435 3000; x_wconf 89' lang='lat' dir='ltr'><strong>num,</strong></span> <span class='ocrx_word' id='word_1_240' title='bbox 457 2943 507 2991; x_wconf 85' lang='lat'>&amp;</span> <span class='ocrx_word' id='word_1_241' title='bbox 527 2943 787 2992; x_wconf 87' lang='lat' dir='ltr'><strong>Puerorum</strong></span> <span class='ocrx_word' id='word_1_242' title='bbox 803 2981 818 3001; x_wconf 89' lang='lat'><strong>,</strong></span> <span class='ocrx_word' id='word_1_243' title='bbox 839 2965 1023 2996; x_wconf 87' lang='lat' dir='ltr'><strong>rnorem</strong></span> <span class='ocrx_word' id='word_1_244' title='bbox 1045 2947 1259 2996; x_wconf 84' lang='lat' dir='ltr'><strong>introdu-</strong></span> 
     </span>
     <span class='ocr_line' id='line_1_40' title="bbox 287 3011 1255 3083; baseline 0.002 -22"><span class='ocrx_word' id='word_1_245' title='bbox 287 3013 421 3062; x_wconf 67' lang='lat' dir='ltr'><strong>&amp;um</strong></span> <span class='ocrx_word' id='word_1_246' title='bbox 448 3030 541 3059; x_wconf 88' lang='lat' dir='ltr'><strong>non</strong></span> <span class='ocrx_word' id='word_1_247' title='bbox 562 3011 730 3061; x_wconf 88' lang='lat' dir='ltr'><strong>dubito</strong></span> <span class='ocrx_word' id='word_1_248' title='bbox 747 3049 761 3071; x_wconf 91' lang='lat'>‚</span> <span class='ocrx_word' id='word_1_249' title='bbox 793 3014 901 3063; x_wconf 73' lang='lat' dir='ltr'><strong>cum</strong></span> <span class='ocrx_word' id='word_1_250' title='bbox 920 3015 1063 3083; x_wconf 89' lang='lat' dir='ltr'><strong>usque</strong></span> <span class='ocrx_word' id='word_1_251' title='bbox 1083 3018 1141 3066; x_wconf 85' lang='lat' dir='ltr'><strong>ad</strong></span> <span class='ocrx_word' id='word_1_252' title='bbox 1162 3019 1255 3065; x_wconf 83' lang='lat' dir='ltr'><strong>haec</strong></span> 
     </span>
     <span class='ocr_line' id='line_1_41' title="bbox 289 3082 1259 3150; baseline 0.003 -20"><span class='ocrx_word' id='word_1_253' title='bbox 289 3083 444 3132; x_wconf 86' lang='lat' dir='ltr'><strong>nostra</strong></span> <span class='ocrx_word' id='word_1_254' title='bbox 461 3097 678 3150; x_wconf 87' lang='lat' dir='ltr'><strong>tempora</strong></span> <span class='ocrx_word' id='word_1_255' title='bbox 704 3082 1009 3133; x_wconf 82' lang='lat' dir='ltr'><strong>observatum</strong></span> <span class='ocrx_word' id='word_1_256' title='bbox 1028 3087 1076 3135; x_wconf 92' lang='lat' dir='ltr'><strong>id</strong></span> <span class='ocrx_word' id='word_1_257' title='bbox 1097 3086 1259 3135; x_wconf 87' lang='lat' dir='ltr'><strong>videa-</strong></span> 
     </span>
    </p>
   </div>
   <div class='ocr_carea' id='block_1_3' title="bbox 291 3151 1259 3290">
    <p class='ocr_par' dir='ltr' id='par_1_3' title="bbox 291 3151 1259 3290">
     <span class='ocr_line' id='line_1_42' title="bbox 291 3151 1259 3215; baseline 0 -13"><span class='ocrx_word' id='word_1_258' title='bbox 291 3171 422 3202; x_wconf 86' lang='lat' dir='ltr'><strong>mus.</strong></span> <span class='ocrx_word' id='word_1_259' title='bbox 439 3153 527 3200; x_wconf 79' lang='lat' dir='ltr'><strong>Sed</strong></span> <span class='ocrx_word' id='word_1_260' title='bbox 551 3158 646 3215; x_wconf 84' lang='lat' dir='ltr'><strong>jam</strong></span> <span class='ocrx_word' id='word_1_261' title='bbox 670 3151 727 3200; x_wconf 90' lang='lat' dir='ltr'><strong>ad</strong></span> <span class='ocrx_word' id='word_1_262' title='bbox 754 3152 992 3204; x_wconf 74' lang='lat' dir='ltr'><strong>Caesarum</strong></span> <span class='ocrx_word' id='word_1_263' title='bbox 1021 3156 1259 3204; x_wconf 83' lang='lat' dir='ltr'><strong>diadema-</strong></span> 
     </span>
     <span class='ocr_line' id='line_1_43' title="bbox 292 3221 750 3290; baseline -0.004 -19"><span class='ocrx_word' id='word_1_264' title='bbox 292 3236 340 3271; x_wconf 87' lang='lat' dir='ltr'><strong>ta</strong></span> <span class='ocrx_word' id='word_1_265' title='bbox 371 3221 750 3290; x_wconf 83' lang='lat' dir='ltr'><strong>progrediamur.</strong></span> 
     </span>
    </p>
   </div>
   <div class='ocr_carea' id='block_1_4' title="bbox 268 204 1866 354">
    <p class='ocr_par' dir='ltr' id='par_1_4' title="bbox 268 204 1866 354">
     <span class='ocr_line' id='line_1_44' title="bbox 292 204 1866 286; baseline 0.016 -46"><span class='ocrx_word' id='word_1_266' title='bbox 292 277 299 285; x_wconf 88' lang='lat'><strong>.</strong></span> <span class='ocrx_word' id='word_1_267' title='bbox 678 204 1866 286; x_wconf 22' lang='lat' dir='ltr'><em>VEUTERAMONIMENTA</em></span> 
     </span>
     <span class='ocr_line' id='line_1_45' title="bbox 268 272 1267 354; baseline 0.027 -32"><span class='ocrx_word' id='word_1_268' title='bbox 268 274 405 325; x_wconf 82' lang='lat' dir='ltr'><strong>lib.2.</strong></span> <span class='ocrx_word' id='word_1_269' title='bbox 421 272 473 325; x_wconf 85' lang='lat' dir='ltr'><strong>de</strong></span> <span class='ocrx_word' id='word_1_270' title='bbox 489 276 592 345; x_wconf 84' lang='lat' dir='ltr'><strong>Leg.</strong></span> <span class='ocrx_word' id='word_1_271' title='bbox 612 276 679 324; x_wconf 86' lang='lat' dir='ltr'><strong>his</strong></span> <span class='ocrx_word' id='word_1_272' title='bbox 694 275 877 325; x_wconf 80' lang='lat' dir='ltr'><strong>verbis:</strong></span> <span class='ocrx_word' id='word_1_273' title='bbox 894 276 1234 345; x_wconf 63' lang='lat' dir='ltr'><strong>Illajamstgni-</strong></span> <span class='ocrx_word' id='word_1_274' title='bbox 1264 352 1267 354; x_wconf 64' lang='grc'>,</span> 
     </span>
    </p>
   </div>
   <div class='ocr_carea' id='block_1_5' title="bbox 1290 280 2284 3347">
    <p class='ocr_par' dir='ltr' id='par_1_5' title="bbox 1290 280 2266 986">
     <span class='ocr_line' id='line_1_46' title="bbox 1362 280 2257 351; baseline 0.013 -25"><span class='ocrx_word' id='word_1_275' title='bbox 1362 280 1603 337; x_wconf 83' lang='lat' dir='ltr'><strong>Gliscente</strong></span> <span class='ocrx_word' id='word_1_276' title='bbox 1631 300 1741 331; x_wconf 91' lang='lat' dir='ltr'><strong>cum</strong></span> <span class='ocrx_word' id='word_1_277' title='bbox 1771 298 1987 351; x_wconf 79' lang='lat' dir='ltr'><strong>tempore</strong></span> <span class='ocrx_word' id='word_1_278' title='bbox 2020 287 2257 338; x_wconf 71' lang='lat' dir='ltr'><strong>Caesarum</strong></span> 
     </span>
     <span class='ocr_line' id='line_1_47' title="bbox 1292 351 2260 419; baseline 0.01 -21"><span class='ocrx_word' id='word_1_279' title='bbox 1292 351 1409 398; x_wconf 73' lang='lat' dir='ltr'><strong>luxu</strong></span> <span class='ocrx_word' id='word_1_280' title='bbox 1423 385 1439 407; x_wconf 90' lang='lat'>,</span> <span class='ocrx_word' id='word_1_281' title='bbox 1465 368 1757 419; x_wconf 76' lang='lat' dir='ltr'><strong>nequaquam</strong></span> <span class='ocrx_word' id='word_1_282' title='bbox 1778 357 1988 403; x_wconf 79' lang='lat' dir='ltr'><strong>contenti</strong></span> <span class='ocrx_word' id='word_1_283' title='bbox 2008 357 2140 406; x_wconf 85' lang='lat' dir='ltr'><strong>lauro</strong></span> <span class='ocrx_word' id='word_1_284' title='bbox 2160 357 2260 408; x_wconf 59' lang='lat' dir='ltr'><strong>fue-⁴</strong></span> 
     </span>
     <span class='ocr_line' id='line_1_48' title="bbox 1290 418 2261 494; baseline 0.008 -26"><span class='ocrx_word' id='word_1_285' title='bbox 1290 438 1339 469; x_wconf 89' lang='lat' dir='ltr'><strong>re</strong></span> <span class='ocrx_word' id='word_1_286' title='bbox 1365 441 1378 479; x_wconf 84' lang='lat'><em>3</em></span> <span class='ocrx_word' id='word_1_287' title='bbox 1407 418 1483 467; x_wconf 89' lang='lat' dir='ltr'><strong>sed</strong></span> <span class='ocrx_word' id='word_1_288' title='bbox 1510 422 1626 486; x_wconf 89' lang='lat' dir='ltr'><strong>quid</strong></span> <span class='ocrx_word' id='word_1_289' title='bbox 1650 425 1886 492; x_wconf 81' lang='lat' dir='ltr'><strong>augustius</strong></span> <span class='ocrx_word' id='word_1_290' title='bbox 1911 428 2228 494; x_wconf 76' lang='lat' dir='ltr'><strong>excogitantes</strong></span> <span class='ocrx_word' id='word_1_291' title='bbox 2244 466 2261 487; x_wconf 87' lang='lat'>‚</span> 
     </span>
     <span class='ocr_line' id='line_1_49' title="bbox 1291 488 2262 562; baseline 0.011 -27"><span class='ocrx_word' id='word_1_292' title='bbox 1291 488 1558 540; x_wconf 88' lang='lat' dir='ltr'><strong>diademate</strong></span> <span class='ocrx_word' id='word_1_293' title='bbox 1587 493 1802 541; x_wconf 87' lang='lat' dir='ltr'><strong>redimiri</strong></span> <span class='ocrx_word' id='word_1_294' title='bbox 1833 510 2082 562; x_wconf 86' lang='lat' dir='ltr'><strong>coeperunt</strong></span> <span class='ocrx_word' id='word_1_295' title='bbox 2109 533 2119 543; x_wconf 96' lang='lat'>.</span> <span class='ocrx_word' id='word_1_296' title='bbox 2159 500 2262 546; x_wconf 88' lang='lat' dir='ltr'><strong>Pri-</strong></span> 
     </span>
     <span class='ocr_line' id='line_1_50' title="bbox 1293 563 2262 628; baseline 0.01 -23"><span class='ocrx_word' id='word_1_297' title='bbox 1293 577 1397 610; x_wconf 88' lang='lat' dir='ltr'><strong>mus</strong></span> <span class='ocrx_word' id='word_1_298' title='bbox 1424 573 1583 608; x_wconf 89' lang='lat' dir='ltr'><strong>autem</strong></span> <span class='ocrx_word' id='word_1_299' title='bbox 1613 564 1693 628; x_wconf 88' lang='lat' dir='ltr'><strong>qui</strong></span> <span class='ocrx_word' id='word_1_300' title='bbox 1714 563 1983 613; x_wconf 87' lang='lat' dir='ltr'><strong>diademata</strong></span> <span class='ocrx_word' id='word_1_301' title='bbox 2014 566 2262 626; x_wconf 78' lang='lat' dir='ltr'><strong>adhibuit,</strong></span> 
     </span>
     <span class='ocr_line' id='line_1_51' title="bbox 1295 631 2262 699; baseline 0.008 -23"><span class='ocrx_word' id='word_1_302' title='bbox 1295 631 1582 682; x_wconf 78' lang='lat' dir='ltr'><strong>Aurelianus</strong></span> <span class='ocrx_word' id='word_1_303' title='bbox 1604 632 1842 699; x_wconf 85' lang='lat' dir='ltr'><strong>Augustus</strong></span> <span class='ocrx_word' id='word_1_304' title='bbox 1869 633 1962 682; x_wconf 89' lang='lat' dir='ltr'><strong>fuit</strong></span> <span class='ocrx_word' id='word_1_305' title='bbox 1977 671 1992 692; x_wconf 92' lang='lat'>‚</span> <span class='ocrx_word' id='word_1_306' title='bbox 2021 635 2055 684; x_wconf 84' lang='lat' dir='ltr'><strong>si</strong></span> <span class='ocrx_word' id='word_1_307' title='bbox 2073 639 2262 687; x_wconf 55' lang='lat' dir='ltr'><strong>Victori</strong></span> 
     </span>
     <span class='ocr_line' id='line_1_52' title="bbox 1294 702 2265 770; baseline 0.004 -19"><span class='ocrx_word' id='word_1_308' title='bbox 1294 702 1529 751; x_wconf 86' lang='lat' dir='ltr'><strong>credimus</strong></span> <span class='ocrx_word' id='word_1_309' title='bbox 1544 735 1559 756; x_wconf 90' lang='lat'>,</span> <span class='ocrx_word' id='word_1_310' title='bbox 1584 703 1663 767; x_wconf 89' lang='lat' dir='ltr'><strong>qui</strong></span> <span class='ocrx_word' id='word_1_311' title='bbox 1685 705 1839 769; x_wconf 89' lang='lat' dir='ltr'><strong>inquit</strong></span> <span class='ocrx_word' id='word_1_312' title='bbox 1855 724 1866 751; x_wconf 88' lang='lat'>:</span> <span class='ocrx_word' id='word_1_313' title='bbox 1882 703 2150 770; x_wconf 60' lang='lat' dir='ltr'><strong>Iffeprimus</strong></span> <span class='ocrx_word' id='word_1_314' title='bbox 2166 710 2265 758; x_wconf 76' lang='lat' dir='ltr'><strong>dicz-</strong></span> 
     </span>
     <span class='ocr_line' id='line_1_53' title="bbox 1294 775 2266 845; baseline 0.012 -28"><span class='ocrx_word' id='word_1_315' title='bbox 1294 776 1413 823; x_wconf 83' lang='lat' dir='ltr'><strong>dema</strong></span> <span class='ocrx_word' id='word_1_316' title='bbox 1440 775 1573 836; x_wconf 80' lang='lat' dir='ltr'><strong>capiti</strong></span> <span class='ocrx_word' id='word_1_317' title='bbox 1600 776 1804 821; x_wconf 82' lang='lat' dir='ltr'><strong>innexuit</strong></span> <span class='ocrx_word' id='word_1_318' title='bbox 1832 808 1847 829; x_wconf 89' lang='lat'>,</span> <span class='ocrx_word' id='word_1_319' title='bbox 1877 780 2132 845; x_wconf 81' lang='lat' dir='ltr'><strong>gemmisque</strong></span> <span class='ocrx_word' id='word_1_320' title='bbox 2159 815 2174 836; x_wconf 86' lang='lat'>‚</span> <span class='ocrx_word' id='word_1_321' title='bbox 2211 783 2266 828; x_wconf 60' lang='lat'><strong>(9⁴</strong></span> 
     </span>
     <span class='ocr_line' id='line_1_54' title="bbox 1294 843 2264 917; baseline 0.005 -25"><span class='ocrx_word' id='word_1_322' title='bbox 1294 859 1442 893; x_wconf 78' lang='lat' dir='ltr'><strong>aurata</strong></span> <span class='ocrx_word' id='word_1_323' title='bbox 1467 843 1598 890; x_wconf 56' lang='lat' dir='ltr'><strong>‘vesse</strong></span> <span class='ocrx_word' id='word_1_324' title='bbox 1616 877 1631 899; x_wconf 91' lang='lat'><strong>,</strong></span> <span class='ocrx_word' id='word_1_325' title='bbox 1658 843 1768 910; x_wconf 82' lang='lat' dir='ltr'><strong>quod</strong></span> <span class='ocrx_word' id='word_1_326' title='bbox 1792 843 2043 912; x_wconf 56' lang='lat' dir='ltr'><strong>adhaesere</strong></span> <span class='ocrx_word' id='word_1_327' title='bbox 2070 853 2264 917; x_wconf 80' lang='lat' dir='ltr'><strong>incogni-</strong></span> 
     </span>
     <span class='ocr_line' id='line_1_55' title="bbox 1294 913 2264 986; baseline 0 -21"><span class='ocrx_word' id='word_1_328' title='bbox 1294 934 1383 965; x_wconf 81' lang='lat' dir='ltr'><strong>tum</strong></span> <span class='ocrx_word' id='word_1_329' title='bbox 1394 913 1603 962; x_wconf 76' lang='lat' dir='ltr'><strong>Romanis</strong></span> <span class='ocrx_word' id='word_1_330' title='bbox 1620 913 1804 962; x_wconf 76' lang='lat' dir='ltr'><strong>moribus</strong></span> <span class='ocrx_word' id='word_1_331' title='bbox 1817 914 2167 986; x_wconf 65' lang='lat' dir='ltr'><strong>‘videbaturfflfiaes</strong></span> <span class='ocrx_word' id='word_1_332' title='bbox 2183 921 2264 969; x_wconf 69' lang='lat' dir='ltr'><strong>eft&#39;.</strong></span> 
     </span>
    </p>

    <p class='ocr_par' dir='ltr' id='par_1_6' title="bbox 1297 982 2284 2997">
     <span class='ocr_line' id='line_1_56' title="bbox 1358 982 2268 1053; baseline 0.008 -25"><span class='ocrx_word' id='word_1_333' title='bbox 1358 988 1427 1033; x_wconf 86' lang='lat' dir='ltr'><strong>At</strong></span> <span class='ocrx_word' id='word_1_334' title='bbox 1443 982 1746 1049; x_wconf 86' lang='lat' dir='ltr'><strong>Lampridius</strong></span> <span class='ocrx_word' id='word_1_335' title='bbox 1762 984 1809 1030; x_wconf 90' lang='lat' dir='ltr'><strong>in</strong></span> <span class='ocrx_word' id='word_1_336' title='bbox 1826 985 2146 1053; x_wconf 81' lang='lat' dir='ltr'><strong>Heliogabalo</strong></span> <span class='ocrx_word' id='word_1_337' title='bbox 2163 1006 2268 1035; x_wconf 88' lang='lat' dir='ltr'><strong>nar-</strong></span> 
     </span>
     <span class='ocr_line' id='line_1_57' title="bbox 1298 1054 2271 1120; baseline 0.004 -18"><span class='ocrx_word' id='word_1_338' title='bbox 1298 1069 1369 1102; x_wconf 88' lang='lat' dir='ltr'><strong>rat</strong></span> <span class='ocrx_word' id='word_1_339' title='bbox 1383 1091 1399 1112; x_wconf 84' lang='lat'>,</span> <span class='ocrx_word' id='word_1_340' title='bbox 1423 1054 1545 1100; x_wconf 89' lang='lat' dir='ltr'><strong>hunc</strong></span> <span class='ocrx_word' id='word_1_341' title='bbox 1564 1057 1906 1120; x_wconf 84' lang='lat' dir='ltr'><strong>Imperatorem</strong></span> <span class='ocrx_word' id='word_1_342' title='bbox 1920 1059 2017 1119; x_wconf 89' lang='lat' dir='ltr'><strong>jam</strong></span> <span class='ocrx_word' id='word_1_343' title='bbox 2040 1071 2146 1106; x_wconf 88' lang='lat' dir='ltr'><strong>ante</strong></span> <span class='ocrx_word' id='word_1_344' title='bbox 2165 1060 2271 1106; x_wconf 88' lang='lat' dir='ltr'><strong>Au-</strong></span> 
     </span>
     <span class='ocr_line' id='line_1_58' title="bbox 1297 1122 2270 1192; baseline 0.001 -18"><span class='ocrx_word' id='word_1_345' title='bbox 1297 1128 1531 1174; x_wconf 87' lang='lat' dir='ltr'><strong>relianum</strong></span> <span class='ocrx_word' id='word_1_346' title='bbox 1557 1122 1838 1172; x_wconf 80' lang='lat' dir='ltr'><strong>diadematis</strong></span> <span class='ocrx_word' id='word_1_347' title='bbox 1865 1130 2097 1192; x_wconf 86' lang='lat' dir='ltr'><strong>gemmati</strong></span> <span class='ocrx_word' id='word_1_348' title='bbox 2133 1127 2270 1175; x_wconf 85' lang='lat' dir='ltr'><strong>usum</strong></span> 
     </span>
     <span class='ocr_line' id='line_1_59' title="bbox 1299 1190 2273 1250; baseline 0.002 -6"><span class='ocrx_word' id='word_1_349' title='bbox 1299 1192 1502 1244; x_wconf 76' lang='lat' dir='ltr'><strong>habuisse</strong></span> <span class='ocrx_word' id='word_1_350' title='bbox 1528 1229 1544 1250; x_wconf 93' lang='lat'><strong><em>,</em></strong></span> <span class='ocrx_word' id='word_1_351' title='bbox 1581 1190 1642 1240; x_wconf 86' lang='lat' dir='ltr'><strong>fic</strong></span> <span class='ocrx_word' id='word_1_352' title='bbox 1670 1192 1900 1244; x_wconf 87' lang='lat' dir='ltr'><strong>scribens:</strong></span> <span class='ocrx_word' id='word_1_353' title='bbox 1945 1198 2093 1247; x_wconf 75' lang='lat' dir='ltr'><strong>Voluit</strong></span> <span class='ocrx_word' id='word_1_354' title='bbox 2122 1204 2189 1247; x_wconf 79' lang='lat' dir='ltr'><strong>uti</strong></span> <span class='ocrx_word' id='word_1_355' title='bbox 2218 1203 2273 1248; x_wconf 67' lang='lat' dir='ltr'><strong>(J</strong></span> 
     </span>
     <span class='ocr_line' id='line_1_60' title="bbox 1297 1267 2271 1336; baseline -0.002 -19"><span class='ocrx_word' id='word_1_356' title='bbox 1297 1267 1536 1317; x_wconf 80' lang='lat' dir='ltr'><strong>diademate</strong></span> <span class='ocrx_word' id='word_1_357' title='bbox 1558 1282 1767 1332; x_wconf 80' lang='lat' dir='ltr'><strong>gemmato</strong></span> <span class='ocrx_word' id='word_1_358' title='bbox 1783 1301 1799 1322; x_wconf 86' lang='lat'><em>,</em></span> <span class='ocrx_word' id='word_1_359' title='bbox 1831 1271 1930 1333; x_wconf 75' lang='lat' dir='ltr'><strong>quia</strong></span> <span class='ocrx_word' id='word_1_360' title='bbox 1941 1270 2168 1331; x_wconf 81' lang='lat' dir='ltr'><strong>pulchrior</strong></span> <span class='ocrx_word' id='word_1_361' title='bbox 2177 1272 2271 1336; x_wconf 83' lang='lat' dir='ltr'><strong>fie-</strong></span> 
     </span>
     <span class='ocr_line' id='line_1_61' title="bbox 1299 1334 2270 1403; baseline 0.001 -16"><span class='ocrx_word' id='word_1_362' title='bbox 1299 1355 1392 1395; x_wconf 78' lang='lat' dir='ltr'><strong>ret,</strong></span> <span class='ocrx_word' id='word_1_363' title='bbox 1425 1339 1479 1385; x_wconf 60' lang='grc' dir='ltr'><strong>Θ·</strong></span> <span class='ocrx_word' id='word_1_364' title='bbox 1509 1339 1646 1403; x_wconf 80' lang='lat' dir='ltr'><strong>magis</strong></span> <span class='ocrx_word' id='word_1_365' title='bbox 1682 1336 1741 1383; x_wconf 82' lang='lat' dir='ltr'><strong>ad</strong></span> <span class='ocrx_word' id='word_1_366' title='bbox 1756 1334 2025 1402; x_wconf 74' lang='lat' dir='ltr'><strong>fiminarum</strong></span> <span class='ocrx_word' id='word_1_367' title='bbox 2055 1341 2270 1388; x_wconf 43' lang='lat' dir='ltr'><strong>‘vultuum</strong></span> 
     </span>
     <span class='ocr_line' id='line_1_62' title="bbox 1301 1407 2272 1476; baseline -0.002 -20"><span class='ocrx_word' id='word_1_368' title='bbox 1301 1424 1453 1476; x_wconf 83' lang='lat' dir='ltr'><strong>aptus,</strong></span> <span class='ocrx_word' id='word_1_369' title='bbox 1489 1426 1563 1474; x_wconf 83' lang='lat' dir='ltr'><strong>quo</strong></span> <span class='ocrx_word' id='word_1_370' title='bbox 1590 1408 1645 1455; x_wconf 56' lang='grc' dir='ltr'><strong>(θ’</strong></span> <span class='ocrx_word' id='word_1_371' title='bbox 1669 1426 1695 1453; x_wconf 86' lang='lat' dir='ltr'><em>u</em></span> <span class='ocrx_word' id='word_1_372' title='bbox 1716 1426 1761 1454; x_wconf 80' lang='lat' dir='ltr'><strong>us</strong></span> <span class='ocrx_word' id='word_1_373' title='bbox 1790 1410 1858 1458; x_wconf 57' lang='lat' dir='ltr'><strong>es?</strong></span> <span class='ocrx_word' id='word_1_374' title='bbox 1888 1410 2003 1457; x_wconf 80' lang='lat' dir='ltr'><em>domi</em></span> <span class='ocrx_word' id='word_1_375' title='bbox 2023 1444 2033 1454; x_wconf 84' lang='lat'><em>.</em></span> <span class='ocrx_word' id='word_1_376' title='bbox 2075 1407 2272 1456; x_wconf 86' lang='lat' dir='ltr'><strong>Gestan-</strong></span> 
     </span>
     <span class='ocr_line' id='line_1_63' title="bbox 1301 1475 2276 1528; baseline -0.003 0"><span class='ocrx_word' id='word_1_377' title='bbox 1301 1480 1350 1528; x_wconf 91' lang='lat' dir='ltr'><strong>di</strong></span> <span class='ocrx_word' id='word_1_378' title='bbox 1379 1475 1659 1526; x_wconf 81' lang='lat' dir='ltr'><strong>diadematis</strong></span> <span class='ocrx_word' id='word_1_379' title='bbox 1687 1475 1977 1527; x_wconf 85' lang='lat' dir='ltr'><strong>consuetudo</strong></span> <span class='ocrx_word' id='word_1_380' title='bbox 2010 1479 2189 1526; x_wconf 89' lang='lat' dir='ltr'><strong>mirum</strong></span> <span class='ocrx_word' id='word_1_381' title='bbox 2211 1478 2276 1526; x_wconf 78' lang='lat' dir='ltr'><strong>est.</strong></span> 
     </span>
     <span class='ocr_line' id='line_1_64' title="bbox 1301 1545 2276 1617; baseline -0.003 -20"><span class='ocrx_word' id='word_1_382' title='bbox 1301 1545 1532 1617; x_wconf 70' lang='lat' dir='ltr'><strong>quantum</strong></span> <span class='ocrx_word' id='word_1_383' title='bbox 1571 1548 1778 1595; x_wconf 85' lang='lat' dir='ltr'><strong>creverit</strong></span> <span class='ocrx_word' id='word_1_384' title='bbox 1809 1584 1824 1605; x_wconf 91' lang='lat'><strong>,</strong></span> <span class='ocrx_word' id='word_1_385' title='bbox 1876 1547 2176 1614; x_wconf 87' lang='lat' dir='ltr'><strong>ejusdemque</strong></span> <span class='ocrx_word' id='word_1_386' title='bbox 2216 1550 2276 1596; x_wconf 74' lang='lat' dir='ltr'><strong>eo</strong></span> 
     </span>
     <span class='ocr_line' id='line_1_65' title="bbox 1304 1614 2276 1688; baseline -0.003 -21"><span class='ocrx_word' id='word_1_387' title='bbox 1304 1614 1581 1688; x_wconf 82' lang='lat' dir='ltr'><strong>pretiosior,</strong></span> <span class='ocrx_word' id='word_1_388' title='bbox 1601 1617 1650 1665; x_wconf 70' lang='grc' dir='ltr'><strong>ὃ(</strong></span> <span class='ocrx_word' id='word_1_389' title='bbox 1671 1615 1911 1682; x_wconf 85' lang='lat' dir='ltr'><strong>operosior</strong></span> <span class='ocrx_word' id='word_1_390' title='bbox 1937 1630 2126 1666; x_wconf 87' lang='lat' dir='ltr'><strong>ornatus</strong></span> <span class='ocrx_word' id='word_1_391' title='bbox 2145 1630 2245 1666; x_wconf 85' lang='lat' dir='ltr'><strong>erat</strong></span> <span class='ocrx_word' id='word_1_392' title='bbox 2260 1652 2276 1673; x_wconf 87' lang='lat'>,</span> 
     </span>
     <span class='ocr_line' id='line_1_66' title="bbox 1304 1686 2274 1754; baseline -0.001 -20"><span class='ocrx_word' id='word_1_393' title='bbox 1304 1687 1398 1754; x_wconf 75' lang='lat' dir='ltr'><strong>quo</strong></span> <span class='ocrx_word' id='word_1_394' title='bbox 1419 1686 1660 1752; x_wconf 87' lang='lat' dir='ltr'><strong>proniores</strong></span> <span class='ocrx_word' id='word_1_395' title='bbox 1673 1690 1990 1751; x_wconf 86' lang='lat' dir='ltr'><strong>Imperatores</strong></span> <span class='ocrx_word' id='word_1_396' title='bbox 2011 1686 2069 1734; x_wconf 80' lang='lat' dir='ltr'><strong>ad</strong></span> <span class='ocrx_word' id='word_1_397' title='bbox 2088 1688 2274 1735; x_wconf 86' lang='lat' dir='ltr'><strong>luxum.</strong></span> 
     </span>
     <span class='ocr_line' id='line_1_67' title="bbox 1306 1751 2279 1815; baseline 0 -12"><span class='ocrx_word' id='word_1_398' title='bbox 1306 1757 1410 1806; x_wconf 85' lang='lat' dir='ltr'><strong>Alii</strong></span> <span class='ocrx_word' id='word_1_399' title='bbox 1439 1755 1618 1802; x_wconf 86' lang='lat' dir='ltr'><strong>etenim</strong></span> <span class='ocrx_word' id='word_1_400' title='bbox 1637 1751 1829 1803; x_wconf 87' lang='lat' dir='ltr'><strong>fasciam</strong></span> <span class='ocrx_word' id='word_1_401' title='bbox 1845 1755 2131 1806; x_wconf 84' lang='lat' dir='ltr'><strong>albicantem</strong></span> <span class='ocrx_word' id='word_1_402' title='bbox 2147 1794 2162 1815; x_wconf 89' lang='lat'>,</span> <span class='ocrx_word' id='word_1_403' title='bbox 2186 1755 2279 1813; x_wconf 61' lang='lat' dir='ltr'><strong>qua</strong></span> 
     </span>
     <span class='ocr_line' id='line_1_68' title="bbox 1304 1815 2278 1895; baseline 0.003 -22"><span class='ocrx_word' id='word_1_404' title='bbox 1304 1842 1521 1893; x_wconf 86' lang='lat' dir='ltr'><strong>tempora</strong></span> <span class='ocrx_word' id='word_1_405' title='bbox 1552 1821 1869 1892; x_wconf 84' lang='lat' dir='ltr'><strong>stringebant,</strong></span> <span class='ocrx_word' id='word_1_406' title='bbox 1906 1815 2278 1895; x_wconf 79' lang='lat' dir='ltr'><strong>obligabantque</strong></span> 
     </span>
     <span class='ocr_line' id='line_1_69' title="bbox 1305 1894 2276 1964; baseline -0.003 -18"><span class='ocrx_word' id='word_1_407' title='bbox 1305 1896 1432 1946; x_wconf 75' lang='lat' dir='ltr'><strong>retro</strong></span> <span class='ocrx_word' id='word_1_408' title='bbox 1482 1897 1616 1942; x_wconf 83' lang='lat' dir='ltr'><strong>vittis</strong></span> <span class='ocrx_word' id='word_1_409' title='bbox 1653 1895 1968 1961; x_wconf 87' lang='lat' dir='ltr'><strong>pendentibus</strong></span> <span class='ocrx_word' id='word_1_410' title='bbox 1998 1933 2014 1954; x_wconf 88' lang='lat'>,</span> <span class='ocrx_word' id='word_1_411' title='bbox 2067 1894 2276 1964; x_wconf 77' lang='lat' dir='ltr'><strong>pretiosis</strong></span> 
     </span>
     <span class='ocr_line' id='line_1_70' title="bbox 1303 1963 2280 2036; baseline -0.004 -20"><span class='ocrx_word' id='word_1_412' title='bbox 1303 1966 1537 2036; x_wconf 83' lang='lat' dir='ltr'><strong>gemmis,</strong></span> <span class='ocrx_word' id='word_1_413' title='bbox 1554 1966 1602 2014; x_wconf 87' lang='lat'>&amp;</span> <span class='ocrx_word' id='word_1_414' title='bbox 1623 1963 1804 2033; x_wconf 88' lang='lat' dir='ltr'><strong>duplici</strong></span> <span class='ocrx_word' id='word_1_415' title='bbox 1825 1969 2191 2034; x_wconf 86' lang='lat' dir='ltr'><strong>margaritarum</strong></span> <span class='ocrx_word' id='word_1_416' title='bbox 2206 1984 2280 2014; x_wconf 87' lang='lat' dir='ltr'><strong>or-</strong></span> 
     </span>
     <span class='ocr_line' id='line_1_71' title="bbox 1307 2034 2278 2102; baseline -0.002 -17"><span class='ocrx_word' id='word_1_417' title='bbox 1307 2037 1421 2086; x_wconf 85' lang='lat' dir='ltr'><strong>dine</strong></span> <span class='ocrx_word' id='word_1_418' title='bbox 1446 2034 1764 2096; x_wconf 77' lang='lat' dir='ltr'><strong>decorabant3</strong></span> <span class='ocrx_word' id='word_1_419' title='bbox 1789 2037 1918 2102; x_wconf 87' lang='lat' dir='ltr'><strong>quod</strong></span> <span class='ocrx_word' id='word_1_420' title='bbox 1947 2036 2278 2085; x_wconf 83' lang='lat' dir='ltr'><strong>diadematum</strong></span> 
     </span>
     <span class='ocr_line' id='line_1_72' title="bbox 1306 2105 2279 2175; baseline 0.002 -21"><span class='ocrx_word' id='word_1_421' title='bbox 1306 2124 1450 2175; x_wconf 85' lang='lat' dir='ltr'><strong>genus</strong></span> <span class='ocrx_word' id='word_1_422' title='bbox 1487 2123 1545 2153; x_wconf 83' lang='lat' dir='ltr'><strong>ex</strong></span> <span class='ocrx_word' id='word_1_423' title='bbox 1584 2105 1840 2154; x_wconf 89' lang='lat' dir='ltr'><strong>unionibus</strong></span> <span class='ocrx_word' id='word_1_424' title='bbox 1891 2106 2138 2157; x_wconf 86' lang='lat' dir='ltr'><strong>dicebatur</strong></span> <span class='ocrx_word' id='word_1_425' title='bbox 2167 2143 2182 2164; x_wconf 92' lang='lat'>‚</span> <span class='ocrx_word' id='word_1_426' title='bbox 2230 2108 2279 2156; x_wconf 82' lang='lat'>&amp;</span> 
     </span>
     <span class='ocr_line' id='line_1_73' title="bbox 1307 2174 2278 2245; baseline -0.004 -18"><span class='ocrx_word' id='word_1_427' title='bbox 1307 2176 1553 2242; x_wconf 80' lang='lat' dir='ltr'><strong>exemplar</strong></span> <span class='ocrx_word' id='word_1_428' title='bbox 1570 2174 1708 2223; x_wconf 86' lang='lat' dir='ltr'><strong>habes</strong></span> <span class='ocrx_word' id='word_1_429' title='bbox 1742 2178 1789 2224; x_wconf 89' lang='lat' dir='ltr'><strong>in</strong></span> <span class='ocrx_word' id='word_1_430' title='bbox 1819 2179 2058 2245; x_wconf 85' lang='lat' dir='ltr'><strong>praecitata</strong></span> <span class='ocrx_word' id='word_1_431' title='bbox 2089 2177 2278 2224; x_wconf 86' lang='lat' dir='ltr'><strong>Tabula</strong></span> 
     </span>
     <span class='ocr_line' id='line_1_74' title="bbox 1311 2244 2275 2313; baseline -0.004 -17"><span class='ocrx_word' id='word_1_432' title='bbox 1311 2248 1562 2299; x_wconf 85' lang='lat' dir='ltr'>XXXVI.</span> <span class='ocrx_word' id='word_1_433' title='bbox 1580 2246 1680 2313; x_wconf 75' lang='lat' dir='ltr'><strong>Fig.</strong></span> <span class='ocrx_word' id='word_1_434' title='bbox 1707 2265 1725 2293; x_wconf 93' lang='lat'>1</span> <span class='ocrx_word' id='word_1_435' title='bbox 1742 2264 1784 2293; x_wconf 87' lang='lat'><strong>2.</strong></span> <span class='ocrx_word' id='word_1_436' title='bbox 1811 2268 1827 2296; x_wconf 93' lang='lat'>1</span> <span class='ocrx_word' id='word_1_437' title='bbox 1843 2263 1885 2305; x_wconf 86' lang='lat'><strong>3.</strong></span> <span class='ocrx_word' id='word_1_438' title='bbox 1901 2250 1949 2297; x_wconf 73' lang='grc' dir='ltr'>ἃ</span> <span class='ocrx_word' id='word_1_439' title='bbox 1977 2267 1993 2295; x_wconf 93' lang='lat'>1</span> <span class='ocrx_word' id='word_1_440' title='bbox 2009 2264 2052 2307; x_wconf 75' lang='grc' dir='ltr'><strong>ς.</strong></span> <span class='ocrx_word' id='word_1_441' title='bbox 2081 2244 2275 2295; x_wconf 82' lang='lat' dir='ltr'><strong>Testan—</strong></span> 
     </span>
     <span class='ocr_line' id='line_1_75' title="bbox 1309 2313 2275 2382; baseline -0.003 -16"><span class='ocrx_word' id='word_1_442' title='bbox 1309 2333 1388 2366; x_wconf 92' lang='lat' dir='ltr'><strong>tur</strong></span> <span class='ocrx_word' id='word_1_443' title='bbox 1416 2317 1504 2363; x_wconf 92' lang='lat' dir='ltr'><strong>hoc</strong></span> <span class='ocrx_word' id='word_1_444' title='bbox 1530 2315 1735 2382; x_wconf 87' lang='lat' dir='ltr'><strong>plurima</strong></span> <span class='ocrx_word' id='word_1_445' title='bbox 1752 2315 1988 2366; x_wconf 87' lang='lat' dir='ltr'><strong>Caesarurn</strong></span> <span class='ocrx_word' id='word_1_446' title='bbox 2017 2313 2275 2364; x_wconf 50' lang='lat' dir='ltr'><strong>numismam</strong></span> 
     </span>
     <span class='ocr_line' id='line_1_76' title="bbox 1309 2384 2280 2455; baseline 0 -20"><span class='ocrx_word' id='word_1_447' title='bbox 1309 2401 1386 2446; x_wconf 89' lang='lat' dir='ltr'><strong>ta,</strong></span> <span class='ocrx_word' id='word_1_448' title='bbox 1413 2402 1615 2453; x_wconf 89' lang='lat' dir='ltr'><strong>quorum</strong></span> <span class='ocrx_word' id='word_1_449' title='bbox 1647 2389 1811 2435; x_wconf 90' lang='lat' dir='ltr'><strong>Icones</strong></span> <span class='ocrx_word' id='word_1_450' title='bbox 1845 2384 2047 2437; x_wconf 71' lang='lat' dir='ltr'><strong>afferunt</strong></span> <span class='ocrx_word' id='word_1_451' title='bbox 2073 2387 2280 2455; x_wconf 85' lang='lat' dir='ltr'><strong>Spanhe-</strong></span> 
     </span>
     <span class='ocr_line' id='line_1_77' title="bbox 1310 2454 2280 2525; baseline -0.001 -19"><span class='ocrx_word' id='word_1_452' title='bbox 1310 2460 1436 2507; x_wconf 89' lang='lat' dir='ltr'><strong>mius</strong></span> <span class='ocrx_word' id='word_1_453' title='bbox 1474 2458 1523 2503; x_wconf 88' lang='lat' dir='ltr'><strong>in</strong></span> <span class='ocrx_word' id='word_1_454' title='bbox 1553 2454 1679 2523; x_wconf 66' lang='lat' dir='ltr'><strong>Th‘f</strong></span> <span class='ocrx_word' id='word_1_455' title='bbox 1717 2459 1912 2525; x_wconf 74' lang='lat' dir='ltr'><strong>numzsm.</strong></span> <span class='ocrx_word' id='word_1_456' title='bbox 1951 2460 2000 2508; x_wconf 70' lang='grc' dir='ltr'><strong>ὃς</strong></span> <span class='ocrx_word' id='word_1_457' title='bbox 2039 2456 2280 2507; x_wconf 80' lang='lat' dir='ltr'><strong>eruditiss-</strong></span> 
     </span>
     <span class='ocr_line' id='line_1_78' title="bbox 1311 2523 2281 2592; baseline -0.002 -14"><span class='ocrx_word' id='word_1_458' title='bbox 1311 2530 1579 2592; x_wconf 87' lang='lat' dir='ltr'><strong>Du-Cange</strong></span> <span class='ocrx_word' id='word_1_459' title='bbox 1609 2526 1656 2571; x_wconf 89' lang='lat' dir='ltr'><strong>in</strong></span> <span class='ocrx_word' id='word_1_460' title='bbox 1683 2523 1764 2575; x_wconf 92' lang='lat' dir='ltr'><strong>suo</strong></span> <span class='ocrx_word' id='word_1_461' title='bbox 1795 2528 1957 2577; x_wconf 59' lang='lat' dir='ltr'><strong>Tract.</strong></span> <span class='ocrx_word' id='word_1_462' title='bbox 1991 2530 2060 2579; x_wconf 87' lang='lat' dir='ltr'><strong>De</strong></span> <span class='ocrx_word' id='word_1_463' title='bbox 2077 2528 2281 2577; x_wconf 73' lang='lat' dir='ltr'><strong>familiis</strong></span> 
     </span>
     <span class='ocr_line' id='line_1_79' title="bbox 1311 2595 2280 2667; baseline 0.002 -23"><span class='ocrx_word' id='word_1_464' title='bbox 1311 2601 1604 2663; x_wconf 60' lang='lat' dir='ltr'><strong>Byzantinis,</strong></span> <span class='ocrx_word' id='word_1_465' title='bbox 1631 2598 1710 2660; x_wconf 87' lang='lat' dir='ltr'><strong>qui</strong></span> <span class='ocrx_word' id='word_1_466' title='bbox 1732 2595 1841 2646; x_wconf 74' lang='lat' dir='ltr'><strong>cum</strong></span> <span class='ocrx_word' id='word_1_467' title='bbox 1859 2602 1884 2648; x_wconf 72' lang='lat' dir='ltr'><strong>a</strong></span> <span class='ocrx_word' id='word_1_468' title='bbox 1899 2618 2006 2667; x_wconf 87' lang='lat' dir='ltr'><strong>pag.</strong></span> <span class='ocrx_word' id='word_1_469' title='bbox 2027 2615 2106 2662; x_wconf 88' lang='lat'><strong>54.</strong></span> <span class='ocrx_word' id='word_1_470' title='bbox 2129 2598 2187 2646; x_wconf 88' lang='lat' dir='ltr'><strong>ad</strong></span> <span class='ocrx_word' id='word_1_471' title='bbox 2207 2599 2280 2646; x_wconf 87' lang='lat' dir='ltr'><strong>ul-</strong></span> 
     </span>
     <span class='ocr_line' id='line_1_80' title="bbox 1311 2663 2281 2727; baseline -0.005 -8"><span class='ocrx_word' id='word_1_472' title='bbox 1311 2670 1503 2719; x_wconf 88' lang='lat' dir='ltr'><strong>teriores</strong></span> <span class='ocrx_word' id='word_1_473' title='bbox 1530 2667 1584 2712; x_wconf 90' lang='lat' dir='ltr'><strong>iis</strong></span> <span class='ocrx_word' id='word_1_474' title='bbox 1615 2663 1852 2727; x_wconf 88' lang='lat' dir='ltr'><strong>abundet,</strong></span> <span class='ocrx_word' id='word_1_475' title='bbox 1886 2669 2005 2718; x_wconf 87' lang='lat' dir='ltr'><strong>adiri</strong></span> <span class='ocrx_word' id='word_1_476' title='bbox 2035 2672 2060 2716; x_wconf 70' lang='lat' dir='ltr'><strong>a</strong></span> <span class='ocrx_word' id='word_1_477' title='bbox 2087 2666 2281 2716; x_wconf 85' lang='lat' dir='ltr'><strong>curiofis</strong></span> 
     </span>
     <span class='ocr_line' id='line_1_81' title="bbox 1306 2736 2282 2805; baseline -0.004 -17"><span class='ocrx_word' id='word_1_478' title='bbox 1306 2738 1451 2788; x_wconf 83' lang='lat' dir='ltr'><strong>fuerit</strong></span> <span class='ocrx_word' id='word_1_479' title='bbox 1477 2738 1786 2804; x_wconf 88' lang='lat' dir='ltr'><strong>oportunius,</strong></span> <span class='ocrx_word' id='word_1_480' title='bbox 1823 2742 1964 2805; x_wconf 71' lang='lat' dir='ltr'><strong>quam</strong></span> <span class='ocrx_word' id='word_1_481' title='bbox 1992 2736 2066 2786; x_wconf 84' lang='lat' dir='ltr'><strong>hic</strong></span> <span class='ocrx_word' id='word_1_482' title='bbox 2089 2740 2114 2787; x_wconf 70' lang='lat' dir='ltr'><strong>a</strong></span> <span class='ocrx_word' id='word_1_483' title='bbox 2145 2736 2282 2786; x_wconf 87' lang='lat' dir='ltr'><strong>nobis</strong></span> 
     </span>
     <span class='ocr_line' id='line_1_82' title="bbox 1309 2803 2284 2869; baseline -0.001 -14"><span class='ocrx_word' id='word_1_484' title='bbox 1309 2803 1503 2863; x_wconf 86' lang='lat' dir='ltr'><strong>referri,</strong></span> <span class='ocrx_word' id='word_1_485' title='bbox 1530 2819 1584 2852; x_wconf 91' lang='lat' dir='ltr'><strong>ut</strong></span> <span class='ocrx_word' id='word_1_486' title='bbox 1602 2811 1698 2869; x_wconf 86' lang='lat' dir='ltr'><strong>jam</strong></span> <span class='ocrx_word' id='word_1_487' title='bbox 1724 2811 1952 2859; x_wconf 87' lang='lat' dir='ltr'><strong>nonnulla</strong></span> <span class='ocrx_word' id='word_1_488' title='bbox 1979 2810 2036 2858; x_wconf 92' lang='lat' dir='ltr'><strong>de</strong></span> <span class='ocrx_word' id='word_1_489' title='bbox 2062 2805 2284 2857; x_wconf 82' lang='lat' dir='ltr'><strong>differen-</strong></span> 
     </span>
     <span class='ocr_line' id='line_1_83' title="bbox 1311 2878 2276 2946; baseline -0.003 -19"><span class='ocrx_word' id='word_1_490' title='bbox 1311 2880 1385 2927; x_wconf 89' lang='lat' dir='ltr'><strong>tiis</strong></span> <span class='ocrx_word' id='word_1_491' title='bbox 1403 2878 1527 2925; x_wconf 91' lang='lat' dir='ltr'><strong>inter</strong></span> <span class='ocrx_word' id='word_1_492' title='bbox 1550 2894 1742 2927; x_wconf 90' lang='lat' dir='ltr'><strong>coronas</strong></span> <span class='ocrx_word' id='word_1_493' title='bbox 1757 2914 1774 2937; x_wconf 88' lang='lat'>,</span> <span class='ocrx_word' id='word_1_494' title='bbox 1802 2880 1852 2930; x_wconf 73' lang='grc' dir='ltr'><strong>ὃ(</strong></span> <span class='ocrx_word' id='word_1_495' title='bbox 1873 2879 2147 2929; x_wconf 85' lang='lat' dir='ltr'><strong>diade-mata</strong></span> <span class='ocrx_word' id='word_1_496' title='bbox 2168 2895 2276 2946; x_wconf 87' lang='lat' dir='ltr'><strong>per-</strong></span> 
     </span>
     <span class='ocr_line' id='line_1_84' title="bbox 1309 2947 1592 2997; baseline -0.011 0"><span class='ocrx_word' id='word_1_497' title='bbox 1309 2947 1564 2997; x_wconf 58' lang='lat' dir='ltr'><strong>tractemus</strong></span> <span class='ocrx_word' id='word_1_498' title='bbox 1581 2983 1592 2994; x_wconf 88' lang='lat'><strong>.</strong></span> 
     </span>
    </p>

    <p class='ocr_par' dir='ltr' id='par_1_7' title="bbox 1309 3015 2282 3298">
     <span class='ocr_line' id='line_1_85' title="bbox 1378 3015 2279 3089; baseline 0 -25"><span class='ocrx_word' id='word_1_499' title='bbox 1378 3015 1524 3065; x_wconf 75' lang='lat' dir='ltr'><strong>Porro</strong></span> <span class='ocrx_word' id='word_1_500' title='bbox 1544 3034 1686 3066; x_wconf 89' lang='lat' dir='ltr'><strong>nemo</strong></span> <span class='ocrx_word' id='word_1_501' title='bbox 1705 3017 1769 3068; x_wconf 89' lang='lat' dir='ltr'><strong>est</strong></span> <span class='ocrx_word' id='word_1_502' title='bbox 1786 3022 1866 3086; x_wconf 87' lang='lat' dir='ltr'><strong>qui</strong></span> <span class='ocrx_word' id='word_1_503' title='bbox 1891 3023 2103 3089; x_wconf 85' lang='lat' dir='ltr'><strong>ignoret,</strong></span> <span class='ocrx_word' id='word_1_504' title='bbox 2117 3015 2279 3065; x_wconf 87' lang='lat' dir='ltr'><strong>diade-</strong></span> 
     </span>
     <span class='ocr_line' id='line_1_86' title="bbox 1309 3088 2282 3159; baseline -0.003 -23"><span class='ocrx_word' id='word_1_505' title='bbox 1309 3100 1466 3144; x_wconf 88' lang='lat' dir='ltr'><strong>mata,</strong></span> <span class='ocrx_word' id='word_1_506' title='bbox 1492 3106 1715 3146; x_wconf 88' lang='lat' dir='ltr'><strong>coronas,</strong></span> <span class='ocrx_word' id='word_1_507' title='bbox 1742 3091 1792 3139; x_wconf 70' lang='grc' dir='ltr'><strong>ὃ(</strong></span> <span class='ocrx_word' id='word_1_508' title='bbox 1814 3089 1933 3139; x_wconf 88' lang='lat' dir='ltr'><strong>serta</strong></span> <span class='ocrx_word' id='word_1_509' title='bbox 1951 3092 2234 3159; x_wconf 89' lang='lat' dir='ltr'><strong>plerumque</strong></span> <span class='ocrx_word' id='word_1_510' title='bbox 2255 3088 2282 3134; x_wconf 66' lang='grc' dir='ltr'><strong>εἴ</strong></span> 
     </span>
     <span class='ocr_line' id='line_1_87' title="bbox 1313 3154 2280 3226; baseline -0.001 -20"><span class='ocrx_word' id='word_1_511' title='bbox 1313 3156 1626 3224; x_wconf 87' lang='lat' dir='ltr'><strong>Scriptoribus</strong></span> <span class='ocrx_word' id='word_1_512' title='bbox 1676 3156 1903 3209; x_wconf 90' lang='lat' dir='ltr'><strong>confundi</strong></span> <span class='ocrx_word' id='word_1_513' title='bbox 1942 3174 2168 3226; x_wconf 88' lang='lat' dir='ltr'><strong>tanquam</strong></span> <span class='ocrx_word' id='word_1_514' title='bbox 2208 3154 2280 3204; x_wconf 84' lang='lat' dir='ltr'><strong>fo·</strong></span> 
     </span>
     <span class='ocr_line' id='line_1_88' title="bbox 1313 3224 2282 3298; baseline 0 -22"><span class='ocrx_word' id='word_1_515' title='bbox 1313 3240 1418 3276; x_wconf 89' lang='lat' dir='ltr'><strong>rent</strong></span> <span class='ocrx_word' id='word_1_516' title='bbox 1434 3225 1712 3298; x_wconf 86' lang='lat' dir='ltr'><strong>synonyma</strong></span> <span class='ocrx_word' id='word_1_517' title='bbox 1726 3268 1737 3279; x_wconf 91' lang='lat'><strong><em>.</em></strong></span> <span class='ocrx_word' id='word_1_518' title='bbox 1757 3229 1943 3281; x_wconf 76' lang='lat' dir='ltr'><strong>Verum</strong></span> <span class='ocrx_word' id='word_1_519' title='bbox 1964 3229 1999 3279; x_wconf 84' lang='lat' dir='ltr'><strong>fi</strong></span> <span class='ocrx_word' id='word_1_520' title='bbox 2017 3224 2183 3280; x_wconf 73' lang='lat' dir='ltr'><strong>sedulo</strong></span> <span class='ocrx_word' id='word_1_521' title='bbox 2196 3262 2212 3283; x_wconf 89' lang='lat'>‚</span> <span class='ocrx_word' id='word_1_522' title='bbox 2230 3228 2282 3276; x_wconf 85' lang='lat'>&amp;</span> 
     </span>
    </p>

    <p class='ocr_par' dir='ltr' id='par_1_8' title="bbox 2138 3313 2276 3347">
     <span class='ocr_line' id='line_1_89' title="bbox 2138 3313 2276 3347; baseline -0.029 0"><span class='ocrx_word' id='word_1_523' title='bbox 2138 3313 2276 3347; x_wconf 81' lang='lat' dir='ltr'><strong>accu-</strong></span> 
     </span>
    </p>
   </div>
   <div class='ocr_carea' id='block_1_6' title="bbox 2388 0 2425 1114">
    <p class='ocr_par' dir='ltr' id='par_1_9' title="bbox 2388 0 2425 1114">
     <span class='ocr_line' id='line_1_90' title="bbox 2388 0 2425 1114; baseline 0 0"><span class='ocrx_word' id='word_1_524' title='bbox 2388 0 2425 1114; x_wconf 95' lang='lat' dir='ltr'><strong> </strong></span> 
     </span>
    </p>
   </div>
  </div>
 </body>
</html>
