2482 3742
683 235 1185 291 CAPUT
1283 233 1492 285 XXII.

100 309 161 357 do
181 307 255 356 hie
277 315 609 368 numerentur,
632 303 855 361 distinctae
874 323 958 378 per
978 324 1058 355 co..

96 380 279 430 lumnas
309 375 616 442 quadraginta
654 378 784 424 mirae
818 377 1058 447 magnitu-

95 448 217 497 dinis
233 483 249 505 ,
281 464 340 495 ex
363 444 625 499 Numidico
647 442 726 494 seu
741 447 968 519 AEgyptio
994 447 1060 494 la-

97 516 235 588 pide,
272 515 449 566 vicenis
472 516 500 569 a
517 515 730 581 quolibet
748 515 923 577 latere,
953 515 1062 565 dex-

95 587 287 653 teraque
314 586 515 651 levique
550 580 886 654 assurgentibus
913 625 923 635 .
964 589 1060 634 Im-

97 659 281 709 mineat
293 656 525 706 columnis
541 655 767 723 epistylia
778 657 955 706 ordinis
968 659 1062 704 Do-

98 728 182 774 rici
206 759 222 781 ,
258 724 425 793 quibus
454 723 626 774 insidet
657 727 1058 795 hyperthyrum-2

96 813 205 844 cum
231 795 439 863 zophoro
468 793 663 845 Mufivo
695 814 835 864 opere
866 810 1058 853 ornato,

97 869 144 912 in
169 882 261 931 quo
285 866 499 932 palmites
525 867 765 923 revoluti,
794 886 845 915 ac
872 865 1060 916 frondes

96 936 397 992 cincinnatae,
420 937 637 1001 miroque
654 935 820 986 ordine
838 939 887 988 ὃς
906 938 1059 986 varie-

93 1019 190 1053 tate
226 1003 458 1072 dispofitae
491 1003 708 1054 visuntur
730 1042 745 1063 ,
781 1007 909 1074 quod
941 1024 1058 1073 opus

94 1075 329 1126 Arabicum
344 1074 641 1132 denominari
658 1074 776 1125 solet
795 1114 805 1129 ,

164 1150 221 1194 In
246 1146 400 1214 capite
421 1147 654 1195 interioris
679 1147 888 1212 porticus
908 1183 924 1205 ,
961 1143 1057 1194 five

94 1217 318 1274 navium,
347 1213 607 1264 admodum
624 1215 840 1263 elevatur
860 1214 1060 1282 Presby-

97 1286 271 1332 terium
295 1288 320 1333 a
337 1287 613 1351 pavimento
633 1285 813 1350 palmos
837 1284 1058 1352 septem-2

93 1356 142 1403 ὃς·
164 1356 288 1402 ultra
308 1374 324 1414 3
347 1353 406 1402 ad
427 1352 555 1421 quod
578 1351 842 1402 ascenditur
859 1372 942 1423 per
955 1371 1061 1422 gra-

98 1424 182 1472 dus
211 1423 435 1473 undecim
459 1460 476 1483 ‚
509 1425 559 1474 &
593 1441 676 1491 per
712 1423 829 1472 duos
861 1426 974 1473 alios
1001 1424 1060 1473 ad

95 1496 245 1542 Aram
265 1492 528 1542 maximam
543 1530 554 1548 ,
576 1493 858 1544 Notandum
873 1496 948 1543 hic
968 1492 1059 1553 est,

94 1561 364 1627 hujusmodi
392 1562 750 1631 Presbyterium
771 1583 863 1632 prae
883 1566 1061 1614 caeteris

97 1635 297 1700 antiquis
335 1636 474 1683 altius
511 1631 597 1683 effe
628 1655 639 1683 ε
688 1652 771 1681 cur
804 1632 963 1685 autem
999 1632 1061 1682 fic

97 1702 417 1760 constructum
445 1703 617 1760 fuerit,
655 1700 879 1753 habemus
903 1722 960 1754 ex
985 1706 1062 1751 Bi-

96 1771 404 1823 bliothecario
434 1776 481 1822 in
502 1776 603 1823 vita
634 1771 916 1823 Sanetiffimi
939 1775 1063 1823 Pon-

101 1841 237 1892 tificis
274 1843 499 1893 Paschalis
527 1848 567 1893 Ι.
607 1843 689 1892 ubi
720 1841 817 1901 fic;
855 1846 1064 1897 Praeteree

97 1914 209 1963 idem
229 1915 420 1983 ficmmus
451 1912 660 1981 Pontifix
676 1949 691 1971 ,
727 1918 782 1965 (θ’
807 1917 1031 1964 ortodoxus
1049 1951 1065 1974 ,

98 1984 283 2034 Divina
301 1988 582 2055 inspiratione
590 1985 782 2053 pulsatus
797 2019 813 2041 ‚
841 1985 963 2035 Eccle
981 2002 1064 2035 tam

85 2055 246 2122 fhntflae
279 2060 334 2107 ὼ
370 2061 626 2107 intemerate
665 2056 863 2124 Virginis
898 2053 1065 2106 Mariae

98 2125 293 2176 Dominae
310 2129 536 2178 noffraead
553 2127 738 2194 Praefi’pe
751 2144 921 2176 cernens
937 2146 1064 2195 quon-

97 2195 198 2243 dam
227 2200 311 2247 tali
335 2218 444 2248 more
468 2196 750 2249 conffrufz‘am
769 2231 784 2254 ,
818 2213 865 2245 ut
873 2200 976 2262 poss}
989 2200 1064 2264 se..

98 2265 192 2314 dem
211 2268 437 2337 Pontificis
453 2305 471 2327 ,
505 2272 697 2319 mulieres
725 2267 785 2315 ad
785 2268 912 2335 sacra
917 2269 1062 2335 solen-

102 2340 174 2384 nia
201 2337 438 2408 Mtffizrum
458 2341 653 2396 stantes,
683 2352 811 2404 prope
834 2340 1061 2406 affiflere„

85 2409 227 2469 juxta
259 2411 508 2479 Pontificem
537 2411 796 2461 viderentur
815 2443 831 2464 ,
866 2415 931 2458 ita
961 2426 1007 2457 ut
1021 2410 1075 2477 si

102 2478 276 2545 aliquid
302 2483 478 2548 colloqui
501 2479 712 2548 Pontifix
750 2499 839 2528 cum
854 2479 947 2548 fibi
971 2481 1068 2546 cff-

101 2549 319 2598 §lentibus
352 2552 585 2619 τοίιιξθὲῑ,
622 2573 674 2601 ex
701 2555 937 2618 propinqua
961 2552 1066 2599 val-

105 2618 159 2669 de
182 2623 401 2670 mulierum
406 2617 750 2688 frequentatione
775 2637 1068 2688 nequaquairL,

101 2693 141 2736 ci
166 2691 264 2759 fine
302 2692 476 2740 illarum
515 2696 836 2742 inter-ventione
880 2695 1024 2742 liceret
1055 2712 1066 2739 :

102 2759 267 2830 largum
292 2760 452 2815 ibidem
475 2763 606 2811 locum
635 2763 762 2831 imffi
787 2765 968 2828 qualiter
995 2766 1065 2810 in-

103 2831 156 2879 de
178 2832 324 2900 sedem
362 2849 522 2880 mutare
557 2835 729 2882 valeret
765 2849 1023 2881 concerneret
1050 2865 1066 2888 ,

103 2902 200 2950 dato
237 2906 371 2968 operis
405 2903 550 2956 fludio
574 2938 590 2960 ,
626 2908 746 2970 coepit
783 2903 1067 2971 indestnenter

105 2988 225 3039 agere
230 2971 377 3041 sedem
408 2969 591 3039 inftriits,
612 2974 792 3043 pofitam
809 2974 1066 3041 fhrfitmpo-

107 3061 202 3091 nere
219 3042 247 3099 ,’
268 3058 316 3092 ut
343 3049 384 3092 eb
403 3041 680 3110 familiarius
713 3043 899 3093 Domino
924 3058 1066 3109 preces

93 3110 279 3178 sundere
300 3113 435 3182 poſjet
451 3148 466 3170 ,
502 3132 578 3182 quo
605 3115 808 3180 consortia
831 3115 1067 3178 populorum

109 3182 293 3231 modeste
309 3185 523 3234 declinare
532 3184 732 3252 potuiffet
745 3219 755 3229 .
788 3187 984 3251 Denique
989 3183 1063 3250 se-

106 3252 197 3299 dem
213 3256 365 3318 optime
379 3261 501 3316 quam
518 3255 674 3304 dudum
682 3250 834 3320 fiterat
843 3255 1064 3322 ²,pulcher-

1985 264 2004 293 Ῐ
2051 265 2076 303 7

1111 310 1237 359 rimis
1269 305 1542 355 marmoribus
1580 307 1814 356 decoratam
1849 264 2044 361 condidi?
2061 349 2078 370 ,

1112 380 1166 426 (Υ
1183 378 1366 446 undique
1384 378 1570 444 aseensus
1587 411 1602 433 ‚
1628 377 1778 445 quibus
1798 378 1857 426 ad
1868 397 1957 427 eam
1968 379 2073 448 gra'-

1110 447 1257 496 diatur
1283 484 1299 506 ,
1335 448 1581 495 construxit
1608 482 1623 503 ‚
1651 453 2074 518 pavimentumquss.

1112 518 1265 566 altaris
1294 521 1459 585 erigens
1471 518 1782 587 pretiofifflmis
1805 520 2076 570 marmoribus

1114 588 1292 638 ft'ra‘vit
1309 623 1319 633 .

1198 660 1555 705 Convertamur
1589 674 1711 706 nunc
1750 659 1808 708 ad
1840 662 2081 728 parietes‚'

1112 727 1192 791 qui
1228 726 1362 794 supra
1399 743 1621 774 coronam
1654 724 1895 796 affurgunt
1922 765 1937 786 ,
1974 731 2078 795 qui-

1112 794 1196 843 bus
1213 795 1380 844 mediae
1399 797 1531 844 navis
1546 797 1735 862 laquear
1753 796 1969 846 caelatura
1986 834 2001 854 ‚
2029 800 2080 848 &

1114 868 1269 933 primo
1300 883 1413 914 auro
1444 884 1501 914 ex
1532 866 1728 920 detectis,
1759 868 1908 916 Indiis
1941 868 2081 917 adve-

1112 936 1189 985 ἑὶο
1208 972 1222 993 ,
1257 936 1471 1003 praeclare
1489 949 1710 984 ornatum
1737 935 1934 984 fulcitur
1951 972 1961 983 .
1996 939 2078 983 Pa-

1109 1008 1248 1054 rietes
1275 1005 1332 1052 ab
1351 1019 1550 1072 utroque
1579 1007 1724 1054 latere
1753 1003 1991 1074 perforant
2018 1004 2081 1055 fe-

1110 1075 1265 1124 nestrae
1285 1110 1301 1131 ,
1339 1074 1472 1142 supra
1498 1074 1677 1142 singula
1705 1077 2079 1125 columnarum-2

1113 1145 1359 1194 interstitia
1387 1146 1451 1191 ita
1480 1145 1641 1192 locatae
1660 1180 1676 1203 ,
1713 1161 1766 1194 ut
1798 1148 1920 1194 inter
1949 1147 2082 1203 illas,

1111 1218 1161 1266 &
1179 1213 1456 1263 coronidem
1482 1214 1692 1281 zophoro
1720 1212 2080 1267 incumbentem

1114 1302 1228 1334 areae
1251 1282 1438 1351 fingulae
1463 1283 1633 1336 relic'tae
1658 1280 1748 1331 sint
1771 1280 1866 1333 fere
1887 1285 2082 1351 quadra-

1113 1369 1168 1402 tae
1194 1388 1210 1410 ,
1248 1355 1295 1399 in
1323 1351 1491 1420 quibus
1522 1354 1843 1402 vermiculato
1882 1355 2079 1421 pingen-

1112 1424 1160 1472 di
1179 1440 1350 1490 genere
1372 1423 1528 1489 plures
1555 1423 1780 1488 imagines
1800 1419 2083 1482 efformatae,

1111 1491 1335 1561 quasdam
1366 1491 1575 1540 historias
1605 1510 1661 1541 ex
1694 1495 1845 1541 veteri
1863 1527 1879 1549 ‚
1914 1511 1966 1540 ac
1998 1511 2080 1542 no-

1114 1582 1175 1612 no
1207 1561 1511 1611 Testamento
1541 1559 1808 1630 desumptas
1836 1558 2045 1611 referunt
2064 1596 2076 1609 .

1115 1635 1282 1683 Ruinae
1322 1630 1615 1698 quarundam
1653 1634 1863 1680 occurrit
1896 1635 1973 1700 pia
2005 1631 2078 1680 so-

1115 1701 1315 1752 licitudo
1342 1703 1429 1748 cla.
1460 1718 1605 1749 mem.
1638 1703 1882 1749 Dominici
1916 1702 2083 1753 Cardi-

1115 1774 1229 1821 nalis
1258 1772 1458 1828 Pinelli,
1495 1776 1625 1833 cujus
1649 1766 1767 1834 jussu
1793 1772 1843 1820 ὃ(
1873 1770 2082 1839 expensis

1116 1841 1327 1910 quaedam
1362 1859 1463 1889 aevo
1500 1839 1693 1889 corrosae
1734 1842 1926 1908 pisturae
1969 1838 2077 1909 sup-

1119 1915 1361 1981 plemento
1393 1910 1649 1958 instauratae·
1673 1946 1689 1967 ,
1727 1913 1827 1958 aliae
1861 1929 1920 1960 ex
1955 1912 2079 1961 inte·-

1115 2000 1198 2051 gro
1219 1982 1352 2030 novis
1372 1981 1564 2049 picturis
1583 1977 1803 2033 restituta?
1821 1981 1971 2035 adhuc
1986 1980 2083 2052 spe-

1116 2054 1300 2109 &antur
1317 2087 1327 2096 .
1382 2052 1386 2055 ’

1185 2124 1353 2170 Praeter
1379 2122 1456 2169 has
1483 2138 1638 2179 areas,
1662 2118 1758 2173 five
1777 2119 1989 2169 Mufivas
2015 2136 2083 2169 ta-

1117 2194 1247 2244 bulas
1264 2227 1280 2249 ,
1305 2189 1473 2239 visitur
1499 2193 1641 2239 etiam
1668 2188 1904 2240 Pontificis
1934 2192 2082 2257 Xysti

1118 2267 1270 2313 Arcus
1292 2267 1440 2324 major
1456 2297 1471 2319 ,
1492 2258 1587 2309 five
1613 2262 1887 2327 triumphalis
1904 2260 2054 2310 distas
2065 2298 2083 2319 ,

1116 2331 1309 2384 Mufivo
1338 2334 1454 2381 item
1480 2349 1620 2399 opere
1654 2333 1976 2399 pereleganter
2005 2349 2082 2379 or-

1119 2418 1296 2463 natus3
1340 2401 1467 2468 quod
1513 2401 1783 2450 Hadrianus
1816 2406 1855 2450 1.
1891 2399 2083 2449 testatur

1120 2477 1167 2522 in
1201 2471 1380 2541 epistol!
1410 2472 1466 2520 ad
1494 2472 1723 2521 Carolum
1751 2474 1984 2538 Magnum
2005 2486 2083 2538 pro

1121 2542 1389 2613 Imaginibus
1408 2577 1419 2589 .
1458 2544 1616 2594 Beatus
1646 2544 1667 2597 (
1687 2543 1874 2608 inquit)
1905 2539 2084 2608 nyt'us

1108 2613 1223 2685 ficit
1252 2612 1478 2682 Bastlicam
1490 2612 1760 2683 sanciiſjimae
1785 2612 1874 2661 Dei
1891 2610 2084 2661 Genitri-

1119 2692 1179 2735 cis
1203 2683 1371 2735 Mariae
1393 2700 1656 2753 cognomento
1675 2683 1896 2744 Majoris,
1923 2700 2006 2748 quae
2026 2684 2086 2732 ad

1119 2754 1323 2823 Praesepe
1339 2755 1527 2812 dicitur,
1544 2773 1631 2804 tum
1647 2757 1695 2801 in
1714 2753 1900 2801 metallis
1918 2757 2056 2803 aureis
2068 2789 2084 2811 ,

1119 2842 1319 2895 quamque
1347 2829 1394 2879 in
1412 2824 1600 2892 diversts
1615 2824 1817 2873 historiis
1834 2823 1978 2891 sacris
2008 2826 2083 2873 de·

1119 2901 1292 2953 roravit
1307 2895 1568 2964 imaginibus
1584 2929 1595 2940 .

1215 2966 1516 3017 Denotabant
1556 2965 1642 3016 hoc
1677 2961 1827 3031 ipsum
1865 2962 2081 3011 nonnulli

1119 3035 1277 3087 versus
1294 3036 1412 3084 olim
1440 3033 1573 3102 supra
1599 3047 1783 3102 portam
1809 3038 2081 3095 majorem-‚2

1121 3111 1242 3156 intra
1262 3103 1517 3157 Ecclesiam
1535 3107 1711 3153 exarati
1731 3139 1746 3159 ‚
1782 3117 1982 3167 quorum
2010 3117 2082 3148 re-

1116 3180 1272 3244 liquiae
1298 3178 1344 3224 in
1367 3176 1541 3225 recenti
1566 3173 1896 3222 restauratione
1926 3168 1982 3217 ab
2001 3187 2079 3218 eo-

1117 3249 1228 3298 dem
1256 3247 1498 3298 Cardinali
1522 3240 1642 3290 faeta
1668 3240 1831 3290 deietae
1856 3237 2082 3300 fuerunt3

1997 3327 2082 3375 qul
