2425 3747
286 244 1175 433 XJOANNIS
1289 321 2252 409 CIAMPINI

784 486 1191 542 OPERUM
1270 489 1820 545 EDITORUM

693 627 760 699 E
851 624 916 695 L
1010 630 1074 703 E
1166 621 1247 694 N
1338 624 1406 696 C
1497 624 1582 695 H
1674 625 1746 697 U
1843 625 1925 697 S.

367 808 408 837 1.
426 844 429 849 ¹
448 789 620 840 Oratio
647 790 693 835 in
723 782 984 835 Academia
1014 785 1232 832 Romana
1259 779 1832 850 Phyfico-Mathematica
1860 787 1918 836 ab
1937 789 2053 836 NN.
2072 789 2094 843 (
2113 787 2298 856 ‘'Joanne

288 861 535 928 Ciampino)
554 856 709 906 habita
728 855 863 924 super
878 858 1083 904 Comere
1101 888 1118 911 ,
1134 854 1215 921 qui
1234 854 1397 902 Sextili
1419 854 1577 902 menie
1592 857 1698 902 anni
1725 863 1870 908 1682.
1892 858 2129 925 apparuit3
2145 861 2192 905 in
2209 876 2300 925 qua

287 932 339 982 ὃ(
359 928 727 981 Observationes
740 926 870 976 faetae
890 923 1206 974 recensentur.
1228 927 1391 973 Romae
1406 924 1545 974 eodem
1561 941 1688 987 anno,
1708 932 1757 976 in
1772 947 1819 992 4.
1840 928 1995 980 Italica
2013 926 2186 997 Lingua
2203 964 2213 976 .

359 1063 407 1095 2.
446 1047 520 1092 De
540 1039 693 1091 Tubis
710 1038 896 1108 Opticis
914 1049 1125 1088 recenter
1144 1038 1422 1095 inventis,in
1443 1037 1707 1087 Academia
1727 1039 2301 1109 Phyfico·Mather‘natica

288 1119 508 1168 Romana
528 1131 552 1160 a
571 1112 747 1162 Carolo
766 1110 1124 1178 Neapolitano(
1141 1109 1326 1179 Joanne
1347 1110 1605 1175 Ciampino)
1625 1109 1896 1159 Academiae
1928 1113 2300 1162 Pro-Secretario

288 1184 538 1238 declaratis
555 1220 567 1233 .
585 1186 748 1232 Romae
771 1180 910 1251 Typis
931 1180 1018 1247 ‘7⁰³
1035 1180 1204 1248 Jacobi
1220 1179 1438 1231 Komarek
1458 1215 1474 1237 ,
1496 1186 1640 1231 1686.
1657 1185 1706 1229 in
1721 1200 1767 1245 4.
1785 1179 1941 1231 Italica
1957 1181 2126 1250 Lingua
2143 1218 2156 1230 .

364 1313 409 1359 3.
447 1297 743 1362 Conjesturae
761 1295 819 1345 de
843 1307 1073 1364 perpetuo
1089 1298 1402 1364 Azymorum
1419 1292 1505 1342 usu
1519 1295 1566 1342 in
1585 1291 1789 1343 Ecclesia
1809 1295 1979 1344 Latina
1998 1335 2014 1360 ‚
2036 1298 2116 1347 vel
2132 1293 2296 1344 saltem

287 1371 512 1422 Romana
529 1405 540 1417 .
560 1372 724 1417 Romae
745 1366 883 1437 Typis
900 1366 1053 1436 iffdem
1085 1372 1229 1418 1688.
1252 1372 1301 1417 in
1321 1383 1367 1429 4.

358 1501 407 1548 4.
446 1485 658 1533 Examen
675 1479 808 1529 Libri
829 1477 1139 1538 Pontificalis,
1154 1478 1249 1528 five
1270 1480 1496 1530 Vitarum
1515 1479 1848 1527 Romanorum
1873 1476 2178 1537 Pontificum,
2194 1496 2296 1546 quae

286 1554 373 1605 sub
391 1556 579 1604 nomine
597 1547 822 1601 Anastafii
844 1550 1190 1600 Bibliothecarii
1206 1547 1631 1607 circumferuntur,
1647 1568 1755 1597 cum
1777 1551 2008 1618 Catalogo
2027 1552 2194 1598 S.R.E.
2219 1551 2294 1597 Bi-

290 1625 713 1676 bliothecariorum
731 1627 864 1686 juxta
876 1623 1282 1691 Chronologicum
1298 1620 1512 1670 ordinem
1529 1656 1539 1666 .
1574 1622 1739 1669 Rornae
1767 1620 1907 1669 eodem
1927 1638 2036 1670 anno
2063 1621 2294 1689 ubifitprci.

363 1754 410 1802 5.
446 1738 679 1805 Parergon
708 1734 767 1784 ad
783 1738 990 1784 Examen
1009 1733 1140 1782 Libri
1169 1730 1451 1782 Pontificalis
1465 1771 1480 1794 ‚
1511 1730 1607 1783 sive
1638 1731 1841 1800 Epistola
1868 1734 1940 1780 Pii
1970 1737 2034 1783 11.
2065 1733 2124 1782 ad
2147 1737 2296 1783 Caro-

292 1811 395 1859 lum
413 1811 526 1857 VII.
546 1810 728 1874 Regem
747 1807 968 1863 Francia»,
985 1805 1043 1853 ab
1062 1804 1312 1854 Haereticis
1329 1802 1602 1870 depravata,
1618 1804 1667 1854 &
1687 1823 1711 1853 a
1730 1803 1994 1868 Launojana
2013 1805 2295 1853 calumnia...

291 1878 535 1929 vindicata
547 1911 558 1923 .
579 1879 742 1924 Romae
759 1877 898 1925 eodem
915 1892 1025 1924 anno
1043 1910 1058 1932 ,
1077 1875 1192 1939 apud
1201 1874 1374 1923 eundem
1390 1909 1406 1931 ,
1422 1878 1469 1923 in
1487 1891 1535 1936 4.

356 1998 407 2041 6.
447 1992 624 2039 Vetera
645 1987 969 2044 Monimenta,
988 1988 1035 2033 in
1050 1983 1218 2051 quibus
1240 1984 1429 2033 Mufiva
1447 1988 1605 2052 Opera
1624 2021 1639 2042 ,
1677 1981 1910 2032 sacrarum
1930 2024 1944 2047 ‚
1963 1983 2287 2052 profanarum·

291 2077 383 2127 que
400 2059 588 2108 AEdium
605 2056 850 2112 stru&ura‚
870 2074 922 2103 ac
939 2056 1153 2104 nonnulli
1175 2056 1355 2120 antiqui
1376 2056 1515 2104 Ritus
1535 2051 1964 2112 Differtationibus,
1978 2054 2290 2122 leonibusque

293 2127 600 2180 illustrantur.
614 2125 718 2173 Pars
735 2129 772 2175 Ι.
788 2129 950 2174 Romae
973 2133 1035 2174 16
1033 2142 1117 2187 90.
1131 2124 1244 2189 apud
1256 2125 1443 2181 eundem,
1459 2130 1507 2173 in
1508 2123 1596 2193 fil.
1626 2123 1819 2173 Secunda
1832 2125 1981 2174 Editio
2005 2145 2022 2174 1
2034 2143 2149 2188 747.

363 2259 412 2302 7.
467 2238 918 2289 DISSERTATIO
958 2237 1342 2303 HISTORICA
1372 2274 1388 2298 ‚
1424 2240 1522 2285 AN
1559 2237 1908 2290 ROMANUS
1945 2238 2291 2290 PONTIFEX

290 2311 576 2364 BACULO
614 2310 1000 2362 PASTORALI
1041 2309 1378 2364 UTATUR.
1416 2311 1581 2358 Romae
1620 2316 1766 2367 1690.
1801 2312 1850 2355 in
1868 2326 1917 2372 4.
1946 2311 2058 2374 apud
2086 2310 2290 2359 cundem.

288 2382 441 2437 Editio
457 2383 594 2431 altera
629 2398 774 2444 1747·

336 2500 385 2547 8.
423 2498 498 2544 De
518 2493 920 2543 Abbi-eviatorum
939 2494 998 2543 de
1016 2495 1160 2543 Parco
1177 2495 1373 2561 Majori,
1388 2489 1483 2540 five
1503 2488 1828 2541 Affistentium
1846 2493 2293 2544 S.R.E.Vice-Can·

288 2566 488 2616 cellario
517 2567 563 2613 in
584 2566 850 2612 Literarum
871 2563 1258 2632 Apostolicarum
1285 2560 1665 2632 expeditionibus
1695 2564 1890 2629 antiquo
1909 2561 2024 2611 statu
2038 2599 2055 2620 ‚
2075 2565 2293 2613 illorum·-

286 2653 379 2702 que
408 2637 454 2684 in
476 2636 751 2703 Collegium
770 2633 1005 2682 erectione
1023 2669 1039 2691 ,
1058 2650 1251 2683 munere
1271 2672 1286 2693 ‚
1305 2634 1532 2702 dignitate
1548 2668 1563 2690 ,
1585 2634 1905 2700 praerogativis
1921 2669 1937 2691 ,
1954 2651 2005 2680 ac
2020 2635 2295 2702 privilegiis,

284 2704 566 2755 Dissertatio
581 2704 821 2756 Historica
836 2740 847 2750 .
862 2707 1026 2752 Romae
1046 2713 1191 2764 1691.
1204 2710 1252 2755 in
1263 2705 1342 2770 fol.
1363 2723 1417 2753 ex
1437 2702 1620 2774 Typogr.
1637 2704 1759 2754 Rev·
1777 2705 1899 2755 Cam.
1924 2704 2085 2770 Apofl.

353 2836 404 2879 9.
445 2819 692 2866 Enarratio
714 2818 974 2886 Synoptica
992 2818 1296 2883 qualitatum,
1310 2814 1639 2885 gestorumque
1654 2813 2062 2865 Abbreviatorum
2076 2815 2134 2866 de
2150 2816 2295 2864 Parco

284 2889 462 2952 Majori
482 2924 497 2945 ,
525 2890 691 2936 S.R.E.
710 2888 1149 2938 vice-Cancellario
1177 2886 1504 2937 Assistentium
1524 2923 1538 2946 ,
1560 2887 1606 2931 in
1624 2885 2007 2952 expeditionibus
2028 2887 2298 2934 Literarum

284 2957 690 3028 Apostolicarum,
702 2976 800 3024 quae
819 2961 866 3007 in
885 2959 1178 3008 Cancellaria
1194 2961 1239 3007 A
1245 2956 1470 3026 postolica
1492 2968 1778 3023 peraguntur
1794 2991 1804 3002 .
1825 2954 1884 3005 In
1897 2958 2034 3007 eodem
2056 2959 2289 3008 Volumine.

360 3091 438 3122 10.
477 3072 564 3121 DE
601 3071 1176 3124 INCOMBUSTIBILI
1214 3071 1384 3119 LlNO
1409 3103 1426 3128 ,
1464 3069 1613 3117 SIVE
1651 3069 1892 3116 LAPIDE
1932 3070 2294 3129 AMIANTQ

287 3143 524 3210 DEQUE
562 3143 785 3195 ILLIUS
834 3143 1116 3202 FILANDI
1162 3143 1372 3192 MODO
1399 3173 1414 3193 .
1465 3139 1897 3190 EPISTOLARIS
1940 3140 2292 3189 DISSERTA-

286 3211 413 3264 TIO
430 3249 441 3259 .
482 3217 648 3263 Romae
673 3221 816 3272 1691.
839 3218 885 3264 in
900 3232 947 3278 4.
965 3210 1128 3263 Iterum
1147 3215 1312 3262 Romae
1335 3227 1480 3273 1747.
1500 3207 1645 3278 infil.
2200 3280 2279 3328 SA

2083 3297 2103 3330 1
2119 3297 2161 3330 Ι.
2279 3304 2297 3314 ·
