2425 3747
269 267 364 322 253

673 257 1105 313 VETERA
1178 253 1880 311 MONIMENTA

265 349 355 399 que
379 328 758 379 monstruositate
790 329 1012 376 collocari
1039 327 1237 375 minime
1278 326 1370 395 fix
1393 328 1564 379 Vefz'em
1579 331 1670 378 &c-
1699 329 1759 375 Et
1776 336 1934 378 tamen
1961 328 2008 376 in
2024 327 2266 381 Anastasio

297 413 487 451 oterunt
509 436 519 445 .

263 422 292 473 P
334 466 589 520 Ecclesiam
623 470 667 515 8.
688 468 888 536 Agathae
916 467 974 515 ad
1005 469 1236 534 Qirina-

265 544 359 591 lem
379 578 394 599 ,
423 540 555 587 illam
575 534 662 586 effe
680 576 696 597 ,
724 541 783 588 de
804 557 894 606 qua
912 540 955 585 S.
977 540 1239 606 Gregorius

263 613 475 677 loquitur
488 643 503 664 ,
529 626 669 656 nemo
687 608 751 657 est
766 611 846 675 qui
868 603 1031 656 afferat
1044 643 1060 665 ,
1078 606 1239 656 subdit

264 679 539 735 Nardinus,
570 676 679 727 cum
712 678 795 727 ista
821 681 867 726 in
899 677 1089 727 diverso
1116 677 1239 737 fitu,

263 753 407 801 etiam
425 750 451 797 ὲ
470 752 646 797 recenti
665 747 846 797 Subura
870 746 1017 816 posita
1036 746 1123 809 fit;
1151 750 1237 795 Er-

263 836 464 870 roneum
481 818 546 868 est
565 819 614 867 id
633 818 883 888 suspicari,
910 819 1065 866 multo
1091 820 1242 887 magis

261 889 452 939 credere
491 925 502 936 .
550 890 938 958 Qiadringentas
968 923 986 948 ,
1023 890 1244 956 pluresve

261 962 478 1026 antiquas
498 958 724 1010 Ecclefias
753 966 848 1025 jam
871 959 1072 1009 extitisse
1088 997 1105 1020 ,
1142 979 1243 1028 quae

262 1028 465 1097 amplius
495 1047 591 1079 non
619 1045 814 1089 extant,
845 1031 925 1079 vel
950 1048 1125 1080 nomen
1153 1033 1242 1078 im·-

259 1114 506 1151 mutarunt
522 1137 538 1161 ,
563 1099 753 1152 asseruit
773 1102 1076 1150 Martinellus
1092 1102 1139 1148 in
1159 1100 1239 1150 sua

259 1176 417 1221 Roma
434 1172 572 1219 Sacra
588 1209 598 1219 .
621 1177 751 1222 Inter
769 1185 842 1221 tot
857 1189 951 1220 non
968 1169 1046 1220 abs
1064 1189 1113 1220 re
1134 1190 1241 1221 con·

260 1243 502 1290 numerari
524 1242 674 1311 potest
697 1246 740 1291 8.
756 1243 948 1312 Agatha
964 1243 1011 1289 in
1027 1240 1241 1305 Subura3

258 1311 340 1362 sed.
363 1314 603 1362 certitudo
618 1352 632 1374 ‚
650 1315 710 1364 ·&
727 1313 970 1362 evidentia
987 1313 1241 1362 elicientur

257 1402 320 1433 ex
339 1380 584 1432 Anastasio
606 1386 653 1431 in
675 1402 729 1433 ea
759 1384 1069 1432 donariorum
1092 1381 1208 1432 serie
1224 1420 1240 1441 ,

257 1471 360 1521 quae
378 1454 474 1501 Leo
498 1457 592 1502 III.
610 1453 759 1506 Urbis
773 1450 991 1501 Ecclefiis
1007 1450 1148 1513 fecit3
1168 1452 1242 1501 sae-

258 1521 525 1593 penumero
562 1525 689 1571 enim
724 1523 882 1591 posuit
913 1524 1240 1572 Diaconiam⁴

259 1599 307 1643 S.
338 1594 538 1661 Agathae
566 1591 741 1660 absque
766 1595 863 1642 ulla
889 1592 1242 1643 denominatim

260 1682 319 1713 ne
331 1700 347 1722 ,
360 1662 477 1730 saepe
494 1663 844 1712 Monasterium
861 1699 877 1722 ,
892 1664 972 1711 vel
991 1662 1240 1711 Bafilicam

259 1739 306 1784 S.
327 1735 527 1802 Agathae
555 1730 693 1800 super
713 1732 973 1793 Suburam3
999 1752 1051 1781 ac
1080 1732 1241 1802 saepius

257 1806 351 1855 alia
370 1805 594 1870 Oratoria
606 1840 622 1862 ,
638 1806 714 1853 vel
728 1800 952 1853 Ecclefias
966 1806 1010 1852 S.
1026 1806 1243 1872 Agathae,

259 1875 518 1924 videlicet:
547 1873 604 1924 Et
625 1878 674 1924 in
688 1875 903 1926 Diaconia
918 1875 965 1924 S.
980 1873 1241 1944 Agathaefe-

260 1951 324 1996 cit
339 1948 511 1997 vefiem
544 1946 596 1994 de
609 1946 643 1996 S
644 1950 806 1995 tauraci
823 1966 913 1995 cum
924 1945 1131 2013 peric-lysi
1150 1947 1243 1994 de„

260 2017 441 2067 blattin.
458 2019 518 2064 Et
537 2013 655 2063 infra
672 2037 686 2075 3
703 2026 756 2066 Θ
776 2021 824 2065 in
842 2015 1125 2065 Monafierio
1136 2015 1244 2065 San-

259 2089 335 2138 ἷῖιε
355 2088 538 2155 Agatha?
553 2084 781 2154 Martyris
791 2088 920 2153 fizper
943 2085 1151 2136 Suburam
1162 2084 1240 2157 ft-

261 2163 325 2207 cit
341 2150 515 2207 &estem
530 2155 696 2204 rubeam
717 2157 957 2224 alythinam
972 2193 981 2202 .
1012 2154 1210 2205 Inferius
1227 2176 1241 2204 ε

261 2228 396 2279 Imma
413 2231 467 2277 (Υ
487 2233 534 2276 in
554 2228 770 2276 Diaconict
787 2228 820 2276 S
824 2229 953 2277 anffae
972 2224 1238 2294 Agathaefe-

261 2305 325 2349 cit
349 2316 538 2347 coronam
565 2317 618 2345 ex
639 2315 811 2367 argento
828 2335 838 2346 .
877 2301 937 2345 Et
957 2295 1097 2364 paulo
1120 2294 1238 2344 infe-

263 2366 357 2417 rius
374 2392 387 2429 3
403 2373 457 2419 Θ
472 2374 519 2418 in
535 2366 601 2417 M
604 2371 819 2421 onaft'erio
838 2371 885 2420 S.
904 2369 1085 2435 Agatha?
1101 2366 1167 2416 M
1171 2384 1241 2416 ar-

261 2444 376 2508 tyris
395 2475 410 2496 ,
435 2442 548 2508 quod
555 2444 730 2504 ponitur
732 2443 862 2510 super
877 2439 1083 2489 Suburam
1096 2437 1242 2505 ,fimi-

262 2514 366 2559 liter
376 2508 493 2578 fecit
513 2514 604 2560 (Je-
624 2510 811 2559 Deinde
829 2547 844 2568 ‚
880 2518 935 2560 (J
964 2514 1011 2559 in
1040 2509 1245 2558 Oratorio

261 2581 295 2629 S
300 2616 309 2625 .
332 2582 514 2648 Agathae
534 2617 550 2637 ,
587 2582 699 2649 quod
717 2586 896 2647 ponitur
921 2585 970 2628 in
1004 2579 1244 2629 Monafi'e-

263 2655 328 2698 rio
357 2653 469 2716 apud
485 2649 640 2719 Africi
656 2687 671 2709 ,
705 2653 961 2704 Canifz'rum
983 2670 1037 2698 ex
1069 2665 1246 2718 argento

264 2724 357 2770 &a
390 2723 447 2767 Et
480 2724 596 2788 pene
615 2722 896 2770 immediate
917 2743 928 2770 :
950 2720 1164 2789 stmzthue
1192 2723 1246 2770 ὠ·

268 2796 318 2840 in
339 2791 541 2839 Oratorio
558 2794 606 2842 S.
625 2794 811 2861 Agathae
826 2827 840 2848 ,
867 2793 979 2860 quod
996 2797 1172 2856 ponitur
1195 2794 1244 2838 in

265 2861 545 2911 Monaft'erio
575 2862 777 2929 Templi,
799 2860 914 2929 ficit
946 2863 1245 2913 Caniflrmm,

249 2932 466 3000 stmiliter
482 2967 492 2976 .
522 2932 582 2977 Et
606 2932 748 2981 infra:
779 2931 911 2984 Imm&
930 2939 1037 2984 ‘verb
1063 2934 1248 3000 &sizna

264 3002 380 3050 τεὲἶα
399 3000 590 3068 Bastlicae
625 3004 680 3054 B.
702 3004 885 3070 Agathae
911 3002 1138 3071 Martyris
1151 3002 1249 3070 sttae

251 3073 388 3137 fitpra
410 3072 621 3122 Suburam
638 3109 653 3130 ,
690 3072 773 3141 q'uae
782 3087 868 3137 prae
891 3078 1028 3123 nimia
1041 3074 1248 3123 vetusta-

264 3159 307 3191 te
317 3148 418 3207 jam
449 3158 762 3201 emarcuerant,
789 3150 965 3194 noviter
989 3147 1219 3208 reparavit
1235 3177 1247 3189 .

266 3210 492 3263 Inferius:
521 3215 654 3265 Ροννὸ
686 3220 734 3264 in
763 3210 1042 3265 Diaconia‘S.
1066 3213 1251 3280 Agathae

267 3281 333 3333 M
337 3289 502 3352 artyris
518 3283 637 3353 fecit
656 3288 744 3357 ipse
776 3286 1073 3357 Sanbiiffimus
1090 3285 1247 3349 Pangi-

1290 397 2271 457 Diaconiarum,Titulorum,Monasterio-

1289 485 1397 516 rum
1416 502 1432 524 ,
1459 469 1797 518 oratoriorum
1812 504 1828 528 ,
1848 472 2141 538 aliorumque
2159 471 2272 519 aedi-

1292 536 1512 585 ficiorum
1529 540 1723 586 nomina
1739 538 1951 590 distinete
1981 538 2169 610 semper
2186 541 2271 591 ob-

1293 607 1543 657 servantur
1558 643 1569 654 .
1600 610 1662 656 Et
1681 605 1809 675 quod
1824 611 2177 673 *Monasterium
2193 630 2273 662 ex-

1291 678 1586 736 titit,eodem
1605 692 1704 729 tem
1708 697 1823 748 pore
1835 683 2064 732 Diaconia
2076 680 2164 732 esse
2176 700 2274 732 non

1294 750 1454 818 potuit
1471 785 1488 807 ,
1511 752 1736 816 quoniam
1758 753 1989 800 Monachi
2013 770 2109 802 non
2136 767 2273 821 pote·-

1295 833 1399 868 rant
1415 837 1638 870 exercere
1658 838 1831 870 munus
1843 858 1860 881 ,
1879 822 2009 889 quod
2024 826 2276 890 proprium

1294 888 1480 959 septem
1498 892 1824 941 Diaconorum
1849 906 1951 942 erat
1966 914 1981 954 3
2008 893 2059 942 &
2087 893 2199 941 licet
2224 896 2274 941 in

1295 963 1449 1011 veteri
1468 959 1673 1010 Ecclesia
1698 961 2076 1012 Diaconiffarum
2096 965 2274 1012 Mona-

1292 1032 1425 1081 steria
1449 1034 1736 1082 extiterunt:
1751 1033 1847 1081 haec
1865 1031 1922 1081 ab
1941 1030 2280 1082 Aurelianenfi

1293 1104 1483 1153 Concil.
1503 1107 1571 1153 II.
1601 1119 1675 1150 an.
1692 1117 1808 1165 533.
1831 1102 2072 1153 celebrato
2087 1139 2104 1161 ,
2138 1104 2276 1155 vide·

1293 1174 1407 1222 licet
1430 1184 1547 1233 263.
1585 1191 1731 1224 annos
1760 1186 1870 1223 ante
1896 1174 2110 1224 Leonem
2128 1178 2225 1224 ΙΙΙ.
2250 1174 2279 1227 ἐξ

1293 1244 1462 1293 Latina
1479 1243 1687 1295 Ecclefia
1708 1244 1962 1294 interdista
1976 1242 2125 1294 fuere.
2142 1246 2279 1295 Hinc

1293 1312 1465 1382 absque
1511 1313 1660 1363 dubio
1708 1313 2125 1382 pronunciandum
2172 1313 2239 1364 est
2261 1352 2284 1377 ,ι

1280 1385 1577 1433 ⁴Diaconiam
1597 1387 1641 1432 8.
1660 1385 1862 1454 Agathae
1878 1386 1926 1432 in
1945 1386 2187 1451 Qirinali
2205 1386 2277 1433 di-

1292 1452 1605 1503 ve1·s1ffimam
1630 1452 1718 1506 effe
1733 1457 1759 1505 ὲ
1773 1452 2069 1504 Monasterio
2087 1456 2131 1503 8.
2147 1456 2193 1502 A
2197 1473 2279 1523 ga·

1295 1525 1384 1572 thae
1408 1525 1457 1570 in
1474 1525 1658 1572 Subura
1674 1563 1685 1574 .

1364 1595 1441 1642 Ac
1464 1595 1522 1642 ad
1549 1593 1972 1644 demonstrandum
2002 1591 2277 1642 verisimili·

1294 1662 1472 1712 tudinis
1504 1679 1844 1732 argumentum
1877 1663 2010 1712 idern
2030 1666 2074 1711 8.
2097 1665 2280 1733 Grego-

1294 1736 1390 1783 rius
1413 1735 1460 1780 in
1476 1735 1777 1802 praeallegato
1794 1734 1877 1784 lib.
1896 1750 1940 1792 3.
1958 1734 2279 1802 Dialogorum

1297 1822 1399 1872 cap.
1421 1819 1499 1861 30.
1533 1818 1689 1853 narrat
1705 1803 1915 1868 ejusdem
1931 1803 2147 1854 Ecclefiae
2165 1808 2280 1853 San-

1295 1876 1379 1924 &ae
1400 1875 1599 1942 Agathae
1629 1874 1983 1925 dedicationem
2004 1911 2021 1933 ,
2058 1876 2282 1924 introdu-

1295 1947 1381 1995 &is
1416 1947 1464 1992 in
1482 1962 1587 1994 eam
1606 1947 1843 2013 Reliquiis
1862 1949 1940 1995 88.
1960 1946 2160 2014 Agatha?
2176 1982 2193 2004 ,
2226 1948 2279 1996 &

1296 2014 1578 2065 Sebastiani.
1620 2017 1681 2065 Et
1712 2013 1810 2065 fere
1843 2030 1952 2065 ante
1978 2033 2160 2064 annum
2189 2019 2279 2066 in..-

1293 2083 1436 2154 Epist.
1465 2103 1540 2145 19.
1558 2085 1698 2133 liba.
1719 2086 1987 2138 IndiAEtione
2008 2105 2028 2135 1
2044 2106 2085 2135 ι.
2106 2085 2281 2156 scripta

1292 2164 1352 2205 ad
1380 2157 1574 2204 Petrum
1594 2155 1949 2207 Subdiaconum
1974 2160 2248 2224 Campaniae
2262 2193 2281 2215 ,

1291 2225 1337 2275 se
1363 2227 1490 2275 velle
1520 2225 1742 2277 dedicare
1775 2227 2033 2278 Ecclefiam
2059 2225 2118 2275 ab
2140 2229 2281 2275 Aria-

1293 2299 1362 2346 nis
1396 2311 1713 2364 occupatam,
1751 2316 1805 2346 ac
1830 2300 1877 2346 in
1909 2316 1963 2348 ea
1989 2300 2034 2345 S.
2063 2298 2280 2347 Severini

1294 2367 1538 2434 Reliquias
1559 2366 1800 2435 deponere
1814 2404 1830 2426 ‚
1852 2370 1948 2426 ait,
1967 2365 2172 2434 ideoque
2191 2364 2282 2414 eas-

1297 2439 1408 2488 dem
1438 2441 1645 2486 Romam
1674 2438 1957 2487 mittendas.
1987 2436 2119 2512 Qia
2142 2440 2283 2506 igitur·

1298 2509 1502 2574 (inquit)
1522 2507 1748 2576 Ecclesiam
1762 2508 1942 2578 postiam
1954 2516 2098 2576 juxta
2115 2509 2282 2557 domum

1300 2578 1366 2630 M
1369 2581 1586 2629 erulanam
1601 2580 1945 2647 Regionetertia
1957 2616 1974 2638 ,
1999 2580 2280 2648 quamsuper-

1299 2652 1427 2700 flitio
1443 2651 1619 2700 Ariana
1638 2652 1716 2700 diu
1732 2651 1924 2701 detinuit
1939 2688 1956 2710 ‚
1980 2655 2029 2700 in
2047 2652 2279 2700 honorem..

1299 2721 1454 2772 SanHi
1468 2722 1683 2772 Severini
1706 2727 1896 2789 cupimus
1911 2722 2142 2790 consbcrare
2162 2740 2176 2778 3
2203 2737 2280 2766 ex-

1290 2790 1507 2860 perientia
1521 2809 1595 2841 tua
1610 2794 1843 2860 Reliquias
1865 2794 1920 2843 B.
1941 2792 2155 2842 Severini
2160 2789 2280 2860 ficm-

1300 2869 1459 2930 moperi‘
1485 2863 1631 2912 debita
1644 2883 1736 2914 cum
1752 2866 2032 2915 ‘veneratione
2055 2860 2282 2928 transmit-

1299 2952 1366 2985 tat
1380 2938 1470 2985 &a
1491 2937 1564 2983 De
1582 2939 1713 2997 cujus
1728 2929 1943 2982 Ecclefiae
1964 2933 2011 2977 in
2031 2931 2187 2978 Sancti
2205 2930 2282 2976 Se·-

1299 3005 1455 3056 verini
1501 3003 1731 3053 honorem
1778 2999 1900 3051 factas
1948 2999 2280 3049 dedicatione:

1301 3093 1397 3125 non
1420 3074 1628 3131 constat,
1658 3091 1711 3120 ac
1734 3071 1832 3122 fere
1851 3070 2026 3120 eodem
2056 3082 2277 3134 tempore

1299 3144 1456 3214 ipsum
1494 3140 1770 3192 Pontificem
1811 3141 1929 3191 duas
1965 3133 2279 3189 consecrasse,

1301 3218 1600 3265 Arianos-um
1618 3211 1844 3263 Ecclesias
1861 3229 1956 3261 non
1972 3220 2185 3278 apparet,
2200 3205 2278 3255 id·

1297 3304 1388 3356 que
1408 3283 1579 3354 absque
1595 3283 1800 3337 audaciae
1814 3295 1926 3335 nota
1941 3278 2172 3332 affirmari
2191 3293 2277 3355 ne·

2133 3358 2240 3416 quit
2259 3381 2270 3391 .

2392 3681 2405 3747 1...-
2386 3566 2403 3680 ..ς-ιι*
2387 3470 2389 3521 ψ-
