2425 3747
96 286 474 355 descriptionem
516 300 612 333 non
647 282 958 346 injucundam
991 285 1078 334 Le·

99 361 222 409 &ori
239 353 371 406 fuiffe
391 354 741 412 existimamus,
763 367 869 402 tum
887 369 1078 422 propter

95 433 380 496 Figuratum
410 423 738 475 diversitatem
755 460 770 481 ,
797 438 901 471 tum
928 428 1076 473 etiam

96 513 293 569 propter
323 496 644 547 eruditionem
675 496 723 541 in
753 495 847 541 illis
881 509 1073 545 contens-

97 585 200 618 tam
213 592 228 630 3
243 568 382 635 quare
401 583 502 614 rem
516 580 703 635 gratam
718 562 921 613 fauuros
939 579 1073 634 puta-

95 658 203 687 mus
221 673 237 696 ‚
273 635 309 684 fi
332 635 507 685 similes
535 638 737 684 aliarum
754 634 1072 685 Ecclefiarum

99 710 261 759 valvas
280 706 455 756 eodem
477 706 625 756 modo
644 724 935 773 exponemus
956 744 965 754 .

338 846 711 900 CAPUT
786 851 852 898 V.

107 993 179 1042 De
204 994 326 1040 aeneis
348 989 543 1044 Vastis,
577 993 626 1036 in
648 989 861 1038 Vaticana
885 984 1073 1057 Basilica

378 1077 488 1107 nunc
511 1059 763 1108 extantibus
779 1096 791 1106 .

1123 213 1171 267 v
1244 211 1290 264 T
1397 216 1448 267 V.
2092 240 2113 280 3

1134 302 1306 355 argento
1323 319 1338 341 ‚
1357 301 1442 352 quae
1450 285 1637 353 pensant
1664 285 1805 336 libras:
1824 243 2109 358 ndning‘entzs

1118 359 1402 426 septuaginta
1420 362 1603 426 quinque
1621 358 1712 407 &a

1202 428 1304 475 Has
1323 427 1550 493 pretiosas
1569 428 1734 476 valvas
1753 428 1875 477 mirz‘i
1895 431 2109 499 magnifi-

1127 494 1312 553 centia,
1349 515 1402 545 ac
1430 497 1719 549 liberalitate
1741 502 1924 565 &tanto
1945 501 2108 550 Ponti-

1128 563 1214 614 fice
1236 563 1409 623 factas,
1438 568 1742 637 inexplebilis
1763 574 2108 621 Saracenorum

1127 638 1329 684 avaritia
1364 655 1488 686 anno
1523 644 1639 702 846'.
1669 640 1874 709 diripuit
1903 665 1916 692 =
1965 643 2110 710 quare

1128 704 1320 755 Beatiss.
1353 708 1452 756 Leo
1471 709 1594 777 Papa
1611 714 1703 759 IV.
1732 712 1922 763 easdem
1943 714 2107 781 paullo

1127 776 1230 845 post
1270 776 1596 846 direptionem
1639 780 1836 848 pristino
1870 784 2109 852 splendori

1127 846 1361 906 restituit,
1384 862 1438 897 ut
1453 863 1611 898 narrat
1625 851 1757 900 idem
1779 855 2019 922 Scriptor,
2034 855 2109 902 vi·

1128 917 1331 968 delicet:
1369 919 1464 990 Ipfi'
1483 921 1668 990 instgnis
1691 923 1883 992 Praesitl‚
1919 930 2014 975 cum
2037 930 2109 973 in«

1126 1008 1300 1039 numera
1307 993 1472 1059 summi
1500 994 1663 1044 decoris
1687 1009 1808 1060 opera
1839 1001 1888 1045 in
1920 995 2110 1065 Basilica

1126 1061 1184 1109 B.
1206 1061 1336 1108 Petri
1353 1065 1458 1109 Caeli
1472 1065 1708 1127 Clavigeri
1717 1065 1962 1130 perftcffit
1976 1104 1991 1124 ,
2005 1081 2109 1131 por-

1047 1152 1053 1156 ,
1126 1145 1194 1176 tas
1219 1145 1321 1196 quas
1334 1129 1613 1178 destruxerat
1627 1130 1661 1179 S
1663 1146 1844 1179 aracena
1848 1140 2077 1202 progenies
2093 1172 2110 1192 ‚

262 1203 432 1252 OSTRAE
460 1201 736 1249 intentionis
769 1197 866 1255 est,
896 1212 949 1245 ut
967 1202 1066 1259 jam

276 1269 704 1320 demonstravimus
728 1305 745 1328 ,
783 1283 947 1317 vetera
973 1269 1062 1314 Ec-

87 1342 341 1394 clel'iarum
360 1343 659 1390 monimenta
681 1342 729 1388 in
748 1339 907 1389 lucem
924 1356 1064 1388 revo-

86 1432 226 1475 care3
263 1412 467 1479 ideoque
497 1414 620 1460 inter
640 1412 760 1467 alia,
796 1409 1065 1458 nonnulla-‚2

82 1487 278 1551 antiqua
294 1483 662 1552 hieroglyphica
680 1484 728 1529 in
745 1479 1066 1530 Ecclefiarum

82 1557 235 1621 januis
255 1554 409 1603 adhuc
429 1555 638 1603 extantia
657 1589 673 1610 ‚
712 1571 765 1601 ac
784 1552 898 1602 duas
917 1554 1064 1602 etiam

82 1632 277 1689 januas,
316 1623 396 1673 seu
427 1628 592 1673 valvas
618 1641 763 1673 aeneas
786 1659 802 1681 ,
841 1642 943 1690 quae
976 1626 1062 1672 in..2

85 1700 152 1748 D.
184 1696 319 1742 Pauli
349 1693 543 1743 Basilica
577 1694 731 1742 adhuc
765 1710 1063 1752 cernuntur,

85 1764 411 1822 ostendimus,
447 1767 497 1815 &
526 1762 885 1831 descripsimus.
919 1768 1062 1812 Nunc

79 1838 337 1904 proprium
355 1836 447 1882 erit
470 1834 506 1881 fi
525 1836 673 1881 etiam
690 1830 765 1877 hic
783 1837 897 1877 alias
916 1853 1063 1881 aeneas

77 1906 248 1954 valvas
269 1905 515 1955 Vaticanae
538 1898 742 1949 Bafilicae
768 1896 1029 1948 referamus
1046 1934 1061 1955 ,

82 1992 184 2041 quae
201 1976 312 2021 licet
332 1976 526 2038 longam
551 1988 789 2020 annorum
804 1986 898 2016 non
920 1968 1062 2016 redo-

85 2046 214 2092 leant
248 2038 419 2089 seriem
445 2075 461 2096 ,
498 2038 720 2086 redolent
757 2052 918 2087 tamen
948 2038 1064 2106 quid

81 2109 394 2182 magnificum
421 2145 438 2167 ,
473 2109 524 2159 &
556 2109 776 2177 Regale,
813 2107 918 2159 tum
952 2128 1061 2177 pro·

85 2200 193 2253 pter
215 2199 381 2233 earum
410 2180 796 2247 magnitudinem
818 2216 834 2236 ,
866 2194 971 2228 tum
1001 2178 1061 2228 ob

83 2256 357 2303 caelaturam
371 2288 388 2309 ‚
424 2248 666 2316 sacrasqtle
692 2247 904 2298 historias
921 2287 938 2308 ‚
976 2254 1062 2300 in...

85 2321 265 2374 eisdem
285 2321 608 2390 anaglyphico
635 2338 778 2386 opere
807 2320 1061 2389 expressas.

82 2396 296 2450 Utinam
316 2393 469 2442 adhuc
487 2387 772 2459 superessent
800 2393 890 2440 illae
910 2395 1064 2442 valvae

81 2480 315 2533 argenteae
330 2501 346 2522 ,
375 2467 401 2512 a.
422 2465 464 2510 S.
484 2461 714 2511 Pontifice
732 2465 956 2512 Honorio
976 2465 1061 2511 hu-

83 2542 155 2600 jus
187 2536 393 2584 nominis
413 2536 451 2581 I.
478 2536 559 2599 qui
590 2533 761 2581 floruit
788 2553 910 2584 anno
937 2541 1059 2584 626.

81 2604 386 2661 constructae,
402 2603 461 2652 de
476 2605 647 2670 quibus
663 2603 1064 2655 Bibliothecarius

80 2679 132 2725 in
168 2675 309 2745 ipsius
339 2672 581 2723 Pontificis
621 2676 724 2723 vital
757 2673 820 2723 fic
853 2676 1018 2725 scribit
1048 2713 1058 2722 .

83 2748 169 2799 Hic
200 2750 458 2813 temporibus
473 2747 573 2813 suis
612 2749 746 2796 multa
780 2749 890 2796 bona
911 2749 1028 2818 ficit
1048 2783 1057 2793 .

84 2819 307 2871 Erudi‘vit
322 2820 492 2870 Clerum
506 2819 763 2883 temporibus
777 2821 878 2888 fitis
893 2857 908 2877 ‚
946 2839 1064 2869 reno-

83 2894 231 2940 vavit
259 2907 423 2938 omnem
437 2883 667 2952 flimiliam
703 2893 757 2942 B.
790 2891 916 2940 Petri
943 2892 1060 2941 Aoo-

83 2961 195 3011 *ssoli
210 2996 225 3017 ‚
241 2964 295 3011 Θ·
312 2957 577 3010 investivit
588 2957 891 3029 Confeffionem
905 2965 960 3015 B.
978 2963 1060 3013 Pe-

84 3037 146 3080 tri
174 3051 230 3080 ex
261 3047 435 3101 argento
444 3042 549 3094 puro
569 3065 585 3086 ,
620 3033 732 3098 quod
751 3035 906 3103 pensat
925 3033 1061 3083 libras

86 3119 251 3152 centum
281 3102 529 3170 offuaginta
556 3101 809 3169 &septem.
850 3104 1058 3156 Investi-

82 3178 162 3222 vit
191 3180 332 3242 regias
354 3181 521 3239 januas
558 3175 607 3218 in
644 3175 832 3241 ingrfft
866 3174 1057 3242 Ecclesiae

81 3247 261 3306 majores
279 3280 294 3301 ,
332 3261 415 3314 qua
435 3243 705 3310 appellantur
727 3246 931 3297 mediant
948 3282 969 3304 ,
1002 3266 1058 3295 ex

156 3312 305 3369 Pap-‚L

1117 1215 1372 1269 argentoque
1402 1199 1586 1249 nudarat
1614 1236 1630 1257 ,
1667 1205 1814 1249 erexit
1831 1239 1847 1259 ,
1882 1206 2114 1273 multisque

1119 1275 1335 1339 argenteis
1354 1270 1512 1319 tabulis
1533 1269 1722 1338 lucifluis
1741 1305 1756 1327 ‚
1775 1273 2113 1344 salutiferisque

1117 1341 1324 1390 historiis
1339 1343 1530 1410 sculptis
1555 1340 1786 1392 decoravit
1813 1378 1829 1399 ,
1867 1347 1922 1394 &⁶
1950 1351 2000 1394 in
2020 1366 2107 1395 me-

1118 1415 1267 1462 liorem
1284 1414 1501 1481 speciem,
1537 1417 1662 1479 quam
1686 1413 1862 1480 pridem
1886 1414 2110 1482 fherant,

1117 1489 1375 1549 reparavit,
1404 1502 1452 1533 ut
1478 1502 1620 1532 omnes
1653 1491 1728 1553 qui
1746 1490 1795 1534 in
1814 1488 1991 1536 eandem
2018 1489 2111 1538 Ba-

1106 1555 1286 1625 silicam
1300 1556 1477 1627 ingredi
1495 1557 1658 1606 volunt
1680 1592 1695 1613 ,
1734 1557 1879 1611 laudes
1898 1558 1992 1610 Deo
2024 1577 2115 1606 om·

1117 1632 1333 1693 nipotenci
1347 1664 1363 1686 ,
1382 1627 1618 1697 fhnc‘loque
1637 1628 1718 1696 sito
1740 1629 2011 1695 ,Praesulatui
2043 1649 2112 1677 re·

1103 1696 1258 1765 ferant
1284 1735 1300 1755 ,
1337 1708 1393 1747 w
1425 1700 1687 1764 exposcant,
1724 1714 1773 1746 ut
1807 1701 1943 1746 multa
1975 1715 2110 1748 anno-

1116 1770 1301 1836 runtfitae
1317 1771 1428 1817 vitae
1447 1766 1656 1814 curricula
1676 1766 1993 1826 extendantur,
2012 1776 2115 1834 quia

1113 1835 1434 1898 taneifialgoris
1459 1852 1578 1896 opere
1594 1872 1611 1886 ,
1640 1853 1846 1904 tantoque
1863 1837 2112 1904 pulchritu-

1115 1901 1240 1949 dinis
1261 1901 1452 1966 pondere
1470 1935 1487 1956 ,
1527 1903 1671 1952 aulam
1704 1903 1799 1950 Dei
1826 1920 2001 1973 argento
2009 1923 2115 1972 pena

1103 1971 1234 2040 fiznte
1261 1970 1400 2019 libras
1416 1971 1732 2042 septuaginta,
1762 1981 1952 2026 ornavit
1973 2012 1983 2021 .
2022 1978 2116 2027 Hae

1119 2043 1266 2092 etiam
1281 2042 1437 2090 valvae
1454 2043 1642 2110 periere
1660 2079 1676 2101 ,
1708 2041 1818 2092 cum
1837 2046 1905 2093 nil
1922 2043 2008 2094 sub
2027 2048 2112 2096 So-

1119 2114 1164 2162 le
1188 2109 1274 2168 fit,
1311 2110 1442 2179 quod
1469 2114 1705 2181 temporis
1739 2114 1984 2182 ingluvies
2015 2135 2113 2166 non

1119 2183 1349 2232 devoret:
1389 2182 1637 2251 quomodo
1659 2196 1824 2233 autem
1846 2189 2111 2252 perierint,

1118 2256 1398 2321 ignoratur;
1434 2250 1515 2302 sed
1540 2272 1637 2303 non
1658 2252 1738 2302 abs
1766 2273 1814 2304 re
1837 2257 2109 2319 conjectan-

1119 2325 1239 2372 dum
1270 2323 1365 2381 est,
1391 2337 1640 2393 argenteas
1666 2325 1898 2384 laminas,
1937 2326 2111 2394 quibus

1118 2396 1272 2443 valvae
1299 2394 1407 2462 ipsae
1435 2395 1634 2443 fuerant
1658 2394 1892 2444 investita?
1914 2433 1929 2453 ‚
1969 2400 2106 2465 paul-

1117 2463 1261 2534 lisper
1286 2467 1517 2534 temporis
1537 2461 1779 2535 progreffu
1800 2467 1978 2515 ablatas
1996 2465 2108 2515 fuis-

1117 2536 1207 2584 sae:
1252 2535 1377 2584 unde
1417 2535 1510 2584 san.
1548 2554 1694 2586 mem.
1730 2539 1971 2605 Eugenius
2009 2543 2102 2588 IV.

1117 2605 1275 2655 denuo
1310 2607 1389 2654 has
1418 2625 1564 2656 aeneas
1596 2609 1798 2666 valvas,
1835 2627 1947 2675 quas
1978 2627 2103 2657 nunc

1115 2676 1369 2734 videmus,
1387 2677 1593 2726 construi
1621 2674 1766 2738 fecit3
1797 2680 1847 2728 &
1876 2680 1989 2727 licet
2012 2676 2105 2728 istae

1116 2750 1330 2815 antiquas
1362 2749 1410 2795 in
1447 2749 1631 2797 metalli
1663 2748 1959 2816 pretiositate
2007 2767 2102 2798 non

1115 2832 1335 2886 aequent,
1371 2821 1617 2868 excellunt
1644 2832 1807 2869 tamen
1835 2821 1907 2876 (ni
1935 2816 2100 2881 fallor)

1117 2892 1164 2937 in
1185 2891 1416 2939 caelaturis
1431 2927 1446 2948 ,
1482 2888 1592 2938 cum
1610 2890 1871 2958 posteriora
1896 2889 2100 2938 saeculata

1115 2963 1164 3007 in
1182 2958 1414 3009 similibus
1434 2959 1655 3029 operibus
1677 2961 1891 3010 Leonina
1911 2960 2107 3026 superam

1114 3034 1305 3088 verint,
1334 3045 1387 3079 ut
1408 3031 1624 3100 pluribus
1641 3033 1876 3100 exemplis
1900 3029 2098 3077 demon-

1115 3100 1247 3150 strari
1265 3101 1418 3170 potest
1435 3139 1451 3161 ,
1479 3122 1580 3170 quae
1601 3101 1827 3152 brevitati
1848 3097 2094 3148 consulen=

1112 3172 1174 3221 do
1195 3175 1489 3223 omittuntur
1507 3210 1516 3220 .
1546 3172 1819 3219 Eat-undem
1840 3171 2096 3217 valvarum

1115 3244 1322 3294 altitudo
1354 3241 1420 3294 est
1455 3245 1729 3311 palmorum
1767 3253 1846 3297 33.
1887 3239 2095 3287 latitudo

1584 3314 1617 3356 F
1658 3325 1683 3354 2
1973 3306 2092 3357 vero
