2425 3747
791 223 1295 281 CAPUT
1397 221 1467 275 X.

120 301 272 374 perest
285 338 302 361 ,
332 299 461 370 quod
478 301 503 350 ἓι
521 297 678 348 Plinio
706 296 870 363 paullo
889 295 1098 363 superius

119 373 385 422 indicatum
405 369 497 418 fuit
518 372 564 417 in
580 364 861 416 Praenestino
876 371 1095 417 Fortunae

119 443 347 493 delubro:
375 438 723 505 affervaturque
744 434 928 487 ibidem
946 440 993 485 in
1014 439 1095 485 Pa-

118 516 237 563 latio
254 508 651 562 Excellentiffimi
670 508 899 576 Principis
920 507 1093 556 Barbe-

115 586 237 632 tini.
273 581 471 634 Constat
499 592 660 627 autem
692 579 781 626 hoc
800 576 1093 628 Mufivmm

115 674 235 723 opus
258 656 284 702 ἐ
301 647 626 700 minutiffimis
646 648 952 698 diversorum
970 667 1093 697 mar-

116 741 339 781 morum,
366 718 765 787 diversorumque
786 722 1005 768 colorum
1025 721 1093 768 la-

110 795 244 863 pillis
256 829 273 851 ,
288 792 408 842 adeo
425 789 596 840 affabr&
611 789 908 841 elaboratum
925 827 942 848 ,
960 803 1014 837 ut
1032 788 1096 837 as-

109 865 342 932 picientes
362 864 543 911 mirum
572 863 620 909 in
639 859 880 929 stuporem
909 860 1063 910 trahat
1076 895 1093 917 ‚

108 931 524 1001 quemadmodum
552 931 725 982 Lestor
758 933 806 978 in
839 931 1093 994 conjun<sto

106 1006 376 1073 exemplari
396 1004 565 1052 videre
585 1000 736 1071 potest
751 1039 767 1060 ,
789 1002 1019 1052 videlicet
1043 1003 1094 1049 in

111 1075 304 1123 Tabula
328 1078 500 1126 XXX.
532 1076 632 1142 Fig.
660 1093 700 1121 1.
735 1072 871 1142 Qid
891 1085 1094 1121 autem-2

110 1158 184 1194 tot
218 1148 449 1212 imagines
480 1144 663 1193 ibidem
694 1157 989 1191 coacervatae
1016 1161 1090 1192 re-

108 1213 424 1283 praesentent,
455 1213 642 1263 celeber
674 1212 724 1259 P.
753 1213 1010 1262 Kircherus
1040 1214 1089 1260 in

107 1285 192 1333 suo
215 1285 345 1335 Latio
363 1298 481 1352 part.
500 1303 547 1347 4.
581 1300 683 1349 cap.
701 1300 750 1346 4.
780 1284 1088 1351 interpretari

106 1371 304 1404 conatus
323 1354 405 1415 est5
419 1355 548 1421 quali
570 1367 732 1401 autem
750 1348 940 1400 fortuna
951 1389 967 1411 ,
984 1369 1089 1401 eru-

101 1425 218 1475 ditis
246 1424 621 1476 examinandum
653 1423 899 1491 relinquo.
930 1423 1088 1472 Aliud

102 1494 416 1564 antiquissimi
445 1492 630 1544 Mufivi
660 1495 815 1561 operis
842 1495 1087 1561 exemplar

98 1563 321 1616 servatur
347 1566 572 1635 Lugduni
597 1564 724 1634 apud
746 1567 806 1615 D.
828 1565 889 1615 de
911 1560 1089 1615 Caffai-

100 1653 186 1694 re,
217 1651 272 1685 ut
300 1634 445 1686 refert
471 1636 608 1705 supra
636 1634 856 1685 laudatus
885 1637 1088 1701 Sponius

101 1707 211 1754 loco
226 1709 372 1754 citato
384 1743 402 1760 ‚
429 1709 558 1770 quod
579 1725 663 1754 nos
680 1704 871 1754 Lestori
891 1704 1086 1753 exhibe-

101 1793 208 1822 mus
240 1773 287 1819 in
305 1773 403 1838 Fig.
422 1786 468 1815 2.
494 1772 646 1818 Vides
666 1774 816 1818 etiam
844 1774 893 1818 in
917 1772 1085 1821 eadem

95 1842 294 1892 Tabula
315 1837 400 1888 sub
415 1840 515 1906 Fig.
537 1854 580 1897 3.
609 1839 742 1887 aliud
761 1839 944 1891 Mufivi
971 1862 1083 1910 ope-

99 1915 164 1962 ris
187 1909 543 1979 fragmentum,
565 1907 695 1973 quod
711 1914 916 1974 protulit
935 1915 984 1957 inv
1005 1910 1086 1957 sua

100 1977 516 2048 PraenesteJoseph
535 1979 693 2025 Maria
712 1973 951 2025 Suarefius
972 1977 1086 2043 Epi-

101 2052 269 2120 scopus
287 2044 589 2099 Vafionenfis
608 2083 624 2104 ,
661 2048 756 2097 Vir
776 2046 1048 2096 eruditione
1066 2083 1083 2105 ,

102 2123 239 2171 bonis
273 2117 451 2168 artibus
474 2154 490 2176 ,
527 2137 580 2167 ac
613 2120 747 2165 omni
780 2119 1082 2168 Virtutum-2

98 2193 327 2259 exemplo
343 2227 360 2248 ‚
378 2189 498 2238 dum
517 2190 709 2237 viveret
729 2223 746 2245 ,
771 2186 1085 2256 praestantissi-

100 2282 244 2323 mus3
269 2263 320 2312 &
345 2258 530 2308 summa
557 2276 751 2308 mecum
779 2257 1080 2308 neceffitudi-

101 2353 162 2385 ne
189 2327 591 2397 conjunffitiffimus
610 2366 620 2376 .

170 2403 278 2452 Post
296 2403 443 2471 Syllae
476 2414 694 2468 tempora
722 2402 975 2450 hominum
1011 2402 1082 2448 in-

98 2476 239 2544 genia
271 2490 354 2541 per
384 2473 561 2519 artium
586 2473 742 2540 apices
765 2470 1079 2541 gliscentia-2,

97 2541 301 2592 alacrius
330 2540 376 2591 se
393 2543 441 2589 in
461 2543 558 2591 illis
578 2544 895 2592 exercuerunt
912 2579 928 2600 ,
960 2542 1078 2591 adeo

98 2628 157 2663 ut
171 2633 273 2663 aevo
287 2613 584 2681 M.Agripp<g
601 2617 875 2681 pavimenta
893 2611 1079 2681 figulini

97 2685 258 2753 operis
286 2682 503 2733 encausto
537 2684 657 2751 pisti
679 2683 878 2733 sternere
898 2685 1080 2751 cogita-

100 2758 292 2812 verint,
310 2752 446 2802 ficuti
465 2771 524 2802 ex
545 2755 700 2803 Plinio
719 2754 920 2804 habetur
934 2791 945 2801 .
972 2756 1081 2803 Hu-

97 2824 309 2892 jusmodi
330 2825 483 2893 operis
508 2821 683 2892 species
715 2825 800 2874 hac
828 2822 1079 2893 tempesta-

100 2909 150 2945 te
179 2898 226 2944 in
242 2897 403 2944 lucem
419 2892 484 2943 est
502 2911 726 2945 revocata
744 2932 759 2953 ,
798 2894 907 2944 cum
933 2897 983 2946 &
1006 2894 1078 2943 hic

100 2967 268 3034 aliquae
294 2967 598 3034 privatorum
628 2971 844 3016 Camerae
861 3002 878 3025 ,
907 2968 959 3019 &
977 2971 1078 3017 Ve-

101 3039 241 3085 netiis
274 3038 549 3104 pavimenta
581 3034 678 3085 fer&
709 3039 872 3086 omnia
904 3038 1078 3085 talibus

101 3103 309 3173 figulinis
324 3104 545 3174 operibus
561 3105 779 3155 encausto
800 3107 938 3175 pistis
965 3106 1074 3156 ster—

104 3189 277 3223 nantur
297 3213 307 3223 .
347 3180 450 3226 Nec
476 3190 637 3226 tamen
668 3191 944 3246 temporum
966 3180 1073 3227 illo-

2072 236 2097 280 8
2111 253 2131 282 1

1151 298 1472 363 quieverunt3
1498 292 1717 360 quinimo
1748 293 1956 344 nobilius
1983 302 2133 365 quod.

1150 367 1261 414 dam
1283 385 1400 435 opus
1421 366 1756 430 excogitarunt
1770 401 1786 423 ,
1808 383 1904 415 non
1926 385 1984 416 ex
2005 385 2128 417 mar-

1148 435 1363 484 moribus
1382 450 1465 484 aut
1486 433 1702 503 figulinz'i,
1718 434 1798 485 sed
1816 455 1875 485 ex
1899 439 2026 486 vitro
2049 459 2127 488 co-

1148 508 1302 555 lorato
1318 529 1333 567 3
1353 524 1560 572 cumque
1581 506 1703 555 illud
1723 508 2132 576 pulcherrimum,

1147 595 1200 624 ac
1218 578 1455 626 eximium
1474 591 1750 642 appareret,
1766 596 1861 626 non
1882 580 2132 646 pavimen-

1145 648 1206 694 tis
1221 683 1237 704 ,
1267 646 1348 695 sed
1367 645 1627 714 parietibus
1645 649 2052 699 accomodarunt:
2087 663 2135 699 at

1145 716 1420 779 hujusmodi
1450 718 1602 784 operis
1623 720 1807 769 nullam
1827 719 2018 788 prorsus
2035 739 2135 770 me-

1146 789 1354 835 moriam
1376 789 1564 856 reperi,
1592 801 1759 853 praeter
1779 808 1887 840 eam
1907 827 1924 848 ,
1962 809 2064 858 quae
2085 794 2134 840 in

1145 859 1291 907 variis
1328 856 1478 911 Urbis
1513 856 1733 907 Ecclefiis
1769 857 1942 910 visitur
1971 898 1983 908 .
2023 863 2137 926 Ejus

1147 930 1444 997 exemplaria
1465 925 1660 977 inferius
1678 927 1870 980 afferam
1886 968 1904 990 ,
1937 928 2048 980 cum
2077 933 2136 983 de

1147 998 1368 1049 Ecclefiis
1390 997 1546 1049 sermo
1576 1001 1670 1047 erit
1689 1036 1701 1047 .

1221 1070 1440 1138 Superest
1458 1070 1606 1119 modo
1632 1070 1746 1137 quid
1764 1108 1782 1129 ,
1815 1074 1895 1122 vel
1916 1075 2056 1140 quale
2077 1071 2135 1122 fit

1146 1157 1264 1208 opus
1281 1143 1616 1192 vermiculatum
1633 1140 1896 1201 ostendere,
1911 1146 2043 1211 quod
2064 1144 2133 1191 nil

1143 1211 1274 1260 aliud
1293 1225 1414 1280 puto
1440 1211 1843 1279 intelligendum,
1870 1212 1955 1262 nifi
1978 1212 2131 1264 Musi-

1141 1299 1263 1329 vum
1288 1303 1304 1342 3
1343 1281 1421 1332 sed
1455 1283 1654 1330 minutis
1682 1282 1802 1332 adeo
1831 1284 2009 1352 lapillis
2036 1283 2135 1334 for-

1142 1366 1357 1409 matum,
1376 1369 1432 1401 ut
1454 1353 1697 1402 vermium
1719 1351 1962 1421 aspec‘lum
1982 1358 2136 1404 comi-

1140 1419 1225 1470 nus
1257 1422 1560 1489 repraesentet
1575 1461 1592 1482 ‚
1629 1426 1711 1491 qui
1747 1423 1943 1473 dorsum
1980 1427 2136 1474 varie-

1139 1491 1249 1563 gatz'i
1265 1495 1564 1542 macularum
1580 1494 1699 1544 serie
1712 1528 1730 1551 ‚
1748 1507 1823 1543 tot
1840 1497 1997 1546 veluti
2015 1511 2137 1562 pun—

1140 1566 1227 1614 &is
1263 1563 1513 1632 depistum
1549 1562 1762 1626 habent3
1800 1567 1927 1616 unde
1964 1572 2136 1617 vermi-

1138 1638 1274 1686 culati
1310 1643 1452 1700 operis
1485 1653 1665 1685 nomen
1700 1633 1822 1685 fort&
1855 1637 2103 1687 descendit
2122 1670 2133 1681 .

1138 1707 1275 1770 Qin
1295 1707 1346 1754 &
1368 1705 1426 1750 ab
1444 1702 1624 1754 eisdem
1647 1703 1907 1761 curiosius,
1937 1725 1992 1754 ac
2024 1707 2135 1756 dili-

1136 1771 1326 1844 gentius
1346 1770 1634 1830 observatis,
1651 1769 1841 1822 fortasse
1861 1776 1974 1823 artis
1995 1793 2133 1824 exor-

1138 1847 1217 1892 dia
1244 1842 1451 1891 deducta
1475 1842 1614 1906 sunt‚·
1643 1840 1678 1891 fi
1700 1844 1830 1891 enim
1856 1847 2039 1893 attente
2065 1847 2134 1893 la·-

1138 1924 1378 1959 certarum
1416 1913 1591 1977 pelles,
1625 1913 1674 1960 ὃ(
1706 1912 1984 1980 serpentum
2014 1934 2131 1965 exu⁴

1138 1981 1228 2027 viae
1250 1977 1591 2045 inspiciantur,
1619 1982 1797 2027 miram
1817 1985 1947 2031 certe
1969 1985 2134 2052 praese-

1137 2047 1298 2100 ferunt
1316 2050 1583 2097 areolarum
1603 2067 1888 2119 compagem
1903 2089 1918 2110 ,
1931 2056 1956 2102 ὲ
1976 2054 2129 2104 Mufi-

1138 2137 1314 2171 vorum
1339 2116 1546 2167 frustulis
1564 2121 1768 2170 minime*⁴
1789 2120 2104 2174 abludentem
2118 2161 2129 2172 .

1208 2192 1371 2238 Genus
1388 2187 1702 2239 Mufivorum
1735 2194 1783 2239 in
1805 2194 1963 2260 plures
1990 2194 2130 2245 diffe-

1135 2261 1309 2310 rentias
1328 2259 1595 2318 dividitur,
1623 2263 1963 2329 magnitudine
1984 2265 2127 2333 lapil-

1136 2334 1295 2381 lorum
1314 2326 1494 2388 finitas‚
1529 2329 1647 2380 adeo
1679 2347 1733 2379 ut
1759 2334 1852 2380 alia
1871 2339 2035 2400 mctjora
2050 2336 2126 2384 di-

1133 2405 1177 2451 ci
1198 2399 1371 2470 poffint
1385 2435 1401 2456 ,
1418 2403 1510 2449 alia
1531 2407 1730 2459 minora,
1748 2401 1828 2452 seu
1846 2405 2015 2462 media,
2033 2407 2127 2454 alia

1133 2478 1318 2523 minima
1333 2508 1343 2518 .
1375 2469 1558 2536 Majora
1580 2471 1687 2520 sunt
1708 2491 1810 2541 quae
1828 2473 2126 2543 effinguntur

1133 2542 1373 2611 quadratis
1399 2539 1632 2610 scrupulis
1649 2579 1667 2601 ‚
1701 2562 1907 2610 quorum
1932 2546 2125 2615 fingulae

1131 2614 1304 2670 facies,
1331 2611 1412 2661 seu
1429 2614 1577 2662 latera
1607 2615 1698 2661 tria
1718 2617 1911 2664 circiter
1930 2619 2122 2665 minuta

1132 2685 1344 2736 Romani
1379 2683 1514 2750 pedis
1547 2685 1773 2752 expleant
1798 2706 1808 2733 ε
1860 2705 1962 2753 quae
2001 2687 2119 2737 vero

1133 2755 1318 2806 duobus
1344 2755 1540 2802 minutis
1561 2768 1756 2822 patent,
1785 2761 1982 2806 minora:
2016 2776 2120 2826 quae

1132 2826 1327 2876 tandem
1362 2827 1503 2873 unico
1529 2861 1544 2882 ‚
1581 2830 1769 2874 minima
1803 2830 2115 2876 vocitentur.

1133 2903 1204 2946 At
1222 2899 1317 2946 haec
1338 2912 1422 2961 pro
1446 2913 1568 2944 nunc
1598 2897 1657 2945 de
1681 2895 1991 2947 Mufivorum
2010 2915 2118 2965 ope-

1131 2987 1239 3016 rum
1254 2962 1519 3015 differentia*
1537 2969 1758 3034 generice
1778 2968 1905 3018 dirsta
1924 2967 2015 3016 fint
2030 3003 2046 3023 ,
2067 2969 2115 3013 in

1129 3038 1343 3106 sequenti
1368 3039 1498 3084 enim
1522 3040 1679 3107 capite
1705 3036 1955 3107 specialius
1983 3036 2041 3084 de
2063 3038 2118 3085 iis

1130 3111 1384 3176 loquemur
1401 3143 1411 3153 .

1198 3177 1451 3245 Majoribus
1483 3177 1687 3227 Mufivis
1718 3175 1939 3244 operibus
1966 3174 2108 3243 prisci

100 3261 209 3292 rum
240 3246 426 3312 ingenia
454 3265 582 3297 novo
620 3247 728 3295 huic
762 3250 962 3299 invento
997 3268 1071 3299 ac·
1125 3252 1338 3302 Romani
1377 3246 1579 3297 sternere
1615 3247 1966 3296 consueverunt
2005 3264 2106 3313 quae

160 3315 275 3368 *Palm
290 3315 329 3364 Ι.

1618 3318 1655 3362 L
1963 3316 2097 3384 pedi-
