<?xml version="1.0" encoding="UTF-8"?>
<!DOCTYPE html PUBLIC "-//W3C//DTD XHTML 1.0 Transitional//EN"
    "http://www.w3.org/TR/xhtml1/DTD/xhtml1-transitional.dtd">
<html xmlns="http://www.w3.org/1999/xhtml" xml:lang="en" lang="en">
 <head>
  <title>
</title>
<meta http-equiv="Content-Type" content="text/html;charset=utf-8" />
  <meta name='ocr-system' content='tesseract 3.04.00' />
  <meta name='ocr-capabilities' content='ocr_page ocr_carea ocr_par ocr_line ocrx_word'/>
</head>
<body>
  <div class='ocr_page' id='page_1' title='image "./joannisciampinir01ciam_0033.png"; bbox 0 0 2425 3747; ppageno 0'>
   <div class='ocr_carea' id='block_1_1' title="bbox 75 246 1928 1063">
    <p class='ocr_par' dir='ltr' id='par_1_1' title="bbox 75 246 1928 1063">
     <span class='ocr_line' id='line_1_1' title="bbox 1756 246 1919 279; baseline 0.025 -4"><span class='ocrx_word' id='word_1_1' title='bbox 1756 246 1919 279; x_wconf 74' lang='lat' dir='ltr'>xxvxt</span> 
     </span>
     <span class='ocr_line' id='line_1_2' title="bbox 222 295 1922 365; baseline -0.002 -15"><span class='ocrx_word' id='word_1_2' title='bbox 222 299 479 351; x_wconf 73' lang='lat' dir='ltr'>Occasione</span> <span class='ocrx_word' id='word_1_3' title='bbox 500 297 767 362; x_wconf 86' lang='lat' dir='ltr'>hujusmodi</span> <span class='ocrx_word' id='word_1_4' title='bbox 790 295 1117 345; x_wconf 65' lang='lat' dir='ltr'>controversiae</span> <span class='ocrx_word' id='word_1_5' title='bbox 1145 296 1253 345; x_wconf 70' lang='lat' dir='ltr'>cum</span> <span class='ocrx_word' id='word_1_6' title='bbox 1274 316 1297 344; x_wconf 84' lang='lat' dir='ltr'>a</span> <span class='ocrx_word' id='word_1_7' title='bbox 1317 297 1364 343; x_wconf 93' lang='lat' dir='ltr'>P.</span> <span class='ocrx_word' id='word_1_8' title='bbox 1379 295 1588 365; x_wconf 70' lang='lat' dir='ltr'>josepho</span> <span class='ocrx_word' id='word_1_9' title='bbox 1616 296 1770 345; x_wconf 73' lang='lat' dir='ltr'>Maria</span> <span class='ocrx_word' id='word_1_10' title='bbox 1788 299 1922 347; x_wconf 89' lang='lat' dir='ltr'>Tho·</span> 
     </span>
     <span class='ocr_line' id='line_1_3' title="bbox 80 363 1926 435; baseline -0.002 -15"><span class='ocrx_word' id='word_1_11' title='bbox 80 369 224 420; x_wconf 68' lang='lat' dir='ltr'>masio</span> <span class='ocrx_word' id='word_1_12' title='bbox 255 365 586 425; x_wconf 69' lang='lat' dir='ltr'>intellexisset,</span> <span class='ocrx_word' id='word_1_13' title='bbox 604 370 652 414; x_wconf 84' lang='lat' dir='ltr'>in</span> <span class='ocrx_word' id='word_1_14' title='bbox 680 371 907 416; x_wconf 77' lang='lat' dir='ltr'>Sermone</span> <span class='ocrx_word' id='word_1_15' title='bbox 936 363 1135 432; x_wconf 88' lang='lat' dir='ltr'>septimo</span> <span class='ocrx_word' id='word_1_16' title='bbox 1163 371 1205 415; x_wconf 89' lang='lat' dir='ltr'>S.</span> <span class='ocrx_word' id='word_1_17' title='bbox 1228 369 1398 415; x_wconf 84' lang='lat' dir='ltr'><strong>Leonis</strong></span> <span class='ocrx_word' id='word_1_18' title='bbox 1416 370 1583 435; x_wconf 78' lang='lat' dir='ltr'>Magni</span> <span class='ocrx_word' id='word_1_19' title='bbox 1603 366 1658 414; x_wconf 89' lang='lat' dir='ltr'>de</span> <span class='ocrx_word' id='word_1_20' title='bbox 1684 369 1926 416; x_wconf 77' lang='lat' dir='ltr'>Nativita-</span> 
     </span>
     <span class='ocr_line' id='line_1_4' title="bbox 79 434 1922 504; baseline -0.001 -16"><span class='ocrx_word' id='word_1_21' title='bbox 79 455 125 488; x_wconf 88' lang='lat' dir='ltr'>te</span> <span class='ocrx_word' id='word_1_22' title='bbox 149 441 380 499; x_wconf 80' lang='lat' dir='ltr'>Domini,</span> <span class='ocrx_word' id='word_1_23' title='bbox 405 437 465 485; x_wconf 91' lang='lat' dir='ltr'>ob</span> <span class='ocrx_word' id='word_1_24' title='bbox 495 455 664 485; x_wconf 86' lang='lat' dir='ltr'>vocem</span> <span class='ocrx_word' id='word_1_25' title='bbox 704 440 804 487; x_wconf 62' lang='grc' dir='ltr'>ΑΜ,</span> <span class='ocrx_word' id='word_1_26' title='bbox 841 434 1099 504; x_wconf 59' lang='lat' dir='ltr'>suspectam</span> <span class='ocrx_word' id='word_1_27' title='bbox 1119 473 1133 494; x_wconf 90' lang='lat'>,</span> <span class='ocrx_word' id='word_1_28' title='bbox 1167 436 1262 485; x_wconf 84' lang='lat' dir='ltr'>five</span> <span class='ocrx_word' id='word_1_29' title='bbox 1293 449 1595 502; x_wconf 76' lang='lat' dir='ltr'>corruptam,</span> <span class='ocrx_word' id='word_1_30' title='bbox 1621 438 1922 503; x_wconf 52' lang='lat' dir='ltr'>genuinam„</span> 
     </span>
     <span class='ocr_line' id='line_1_5' title="bbox 77 506 1923 576; baseline -0.001 -18"><span class='ocrx_word' id='word_1_31' title='bbox 77 513 206 558; x_wconf 82' lang='lat' dir='ltr'>illius</span> <span class='ocrx_word' id='word_1_32' title='bbox 235 510 490 558; x_wconf 65' lang='lat' dir='ltr'>lectionem</span> <span class='ocrx_word' id='word_1_33' title='bbox 517 509 730 575; x_wconf 82' lang='lat' dir='ltr'>graviter</span> <span class='ocrx_word' id='word_1_34' title='bbox 767 507 1049 573; x_wconf 80' lang='lat' dir='ltr'>depravari3</span> <span class='ocrx_word' id='word_1_35' title='bbox 1087 506 1313 554; x_wconf 75' lang='lat' dir='ltr'>continuo</span> <span class='ocrx_word' id='word_1_36' title='bbox 1345 507 1702 575; x_wconf 71' lang='lat' dir='ltr'>Dff’rtationem</span> <span class='ocrx_word' id='word_1_37' title='bbox 1732 525 1923 576; x_wconf 87' lang='lat' dir='ltr'>compo-</span> 
     </span>
     <span class='ocr_line' id='line_1_6' title="bbox 75 573 1927 646; baseline -0.001 -19"><span class='ocrx_word' id='word_1_38' title='bbox 75 578 171 627; x_wconf 85' lang='lat' dir='ltr'>suit</span> <span class='ocrx_word' id='word_1_39' title='bbox 197 581 247 628; x_wconf 86' lang='lat' dir='ltr'>de</span> <span class='ocrx_word' id='word_1_40' title='bbox 285 578 465 646; x_wconf 73' lang='lat' dir='ltr'>ejusdem</span> <span class='ocrx_word' id='word_1_41' title='bbox 493 582 621 627; x_wconf 78' lang='lat' dir='ltr'>‘vocis</span> <span class='ocrx_word' id='word_1_42' title='bbox 651 577 929 637; x_wconf 63' lang='lat' dir='ltr'>correc‘iione,</span> <span class='ocrx_word' id='word_1_43' title='bbox 974 575 1055 622; x_wconf 87' lang='lat' dir='ltr'>ubi</span> <span class='ocrx_word' id='word_1_44' title='bbox 1094 581 1114 633; x_wconf 85' lang='lat'>(</span> <span class='ocrx_word' id='word_1_45' title='bbox 1142 573 1368 624; x_wconf 89' lang='lat' dir='ltr'>consultis</span> <span class='ocrx_word' id='word_1_46' title='bbox 1396 575 1613 625; x_wconf 84' lang='lat' dir='ltr'>omnibus</span> <span class='ocrx_word' id='word_1_47' title='bbox 1643 579 1927 645; x_wconf 84' lang='lat' dir='ltr'>exemplari-</span> 
     </span>
     <span class='ocr_line' id='line_1_7' title="bbox 79 645 1925 712; baseline -0.001 -15"><span class='ocrx_word' id='word_1_48' title='bbox 79 650 165 697; x_wconf 83' lang='lat' dir='ltr'>bus</span> <span class='ocrx_word' id='word_1_49' title='bbox 191 649 305 697; x_wconf 66' lang='lat' dir='ltr'>disti</span> <span class='ocrx_word' id='word_1_50' title='bbox 325 649 563 696; x_wconf 77' lang='lat' dir='ltr'><strong>Sermonis</strong></span> <span class='ocrx_word' id='word_1_51' title='bbox 586 651 631 694; x_wconf 89' lang='lat' dir='ltr'>in</span> <span class='ocrx_word' id='word_1_52' title='bbox 650 646 870 694; x_wconf 82' lang='lat' dir='ltr'>omnibus</span> <span class='ocrx_word' id='word_1_53' title='bbox 892 645 1199 694; x_wconf 85' lang='lat' dir='ltr'>Bibliothecis</span> <span class='ocrx_word' id='word_1_54' title='bbox 1220 648 1382 693; x_wconf 74' lang='lat' dir='ltr'>Romae</span> <span class='ocrx_word' id='word_1_55' title='bbox 1399 680 1415 703; x_wconf 89' lang='lat'>,</span> <span class='ocrx_word' id='word_1_56' title='bbox 1446 659 1588 712; x_wconf 82' lang='lat' dir='ltr'>atque</span> <span class='ocrx_word' id='word_1_57' title='bbox 1620 647 1810 709; x_wconf 78' lang='lat' dir='ltr'>Italiae)</span> <span class='ocrx_word' id='word_1_58' title='bbox 1840 665 1925 696; x_wconf 90' lang='lat' dir='ltr'>vo-</span> 
     </span>
     <span class='ocr_line' id='line_1_8' title="bbox 79 712 1924 782; baseline -0.001 -15"><span class='ocrx_word' id='word_1_59' title='bbox 79 737 185 767; x_wconf 89' lang='lat' dir='ltr'>cem</span> <span class='ocrx_word' id='word_1_60' title='bbox 217 722 319 782; x_wconf 78' lang='lat' dir='ltr'>Arae</span> <span class='ocrx_word' id='word_1_61' title='bbox 349 720 393 764; x_wconf 79' lang='lat' dir='ltr'>in</span> <span class='ocrx_word' id='word_1_62' title='bbox 410 735 580 766; x_wconf 85' lang='lat' dir='ltr'>vocem</span> <span class='ocrx_word' id='word_1_63' title='bbox 607 718 729 767; x_wconf 77' lang='lat' dir='ltr'>Areae</span> <span class='ocrx_word' id='word_1_64' title='bbox 755 716 1141 765; x_wconf 71' lang='lat' dir='ltr'>commutandam</span> <span class='ocrx_word' id='word_1_65' title='bbox 1161 713 1247 763; x_wconf 82' lang='lat' dir='ltr'>effe</span> <span class='ocrx_word' id='word_1_66' title='bbox 1265 712 1518 782; x_wconf 84' lang='lat' dir='ltr'>probavit.</span> <span class='ocrx_word' id='word_1_67' title='bbox 1557 715 1702 769; x_wconf 86' lang='lat' dir='ltr'>Unde</span> <span class='ocrx_word' id='word_1_68' title='bbox 1726 718 1924 765; x_wconf 82' lang='lat' dir='ltr'>eximias</span> 
     </span>
     <span class='ocr_line' id='line_1_9' title="bbox 83 783 1928 855; baseline 0 -21"><span class='ocrx_word' id='word_1_69' title='bbox 83 788 339 855; x_wconf 69' lang='lat' dir='ltr'>dupliciter</span> <span class='ocrx_word' id='word_1_70' title='bbox 375 787 533 845; x_wconf 68' lang='lat' dir='ltr'>laudes⁴</span> <span class='ocrx_word' id='word_1_71' title='bbox 553 789 747 842; x_wconf 82' lang='lat' dir='ltr'>meruit,</span> <span class='ocrx_word' id='word_1_72' title='bbox 774 800 876 833; x_wconf 88' lang='lat' dir='ltr'>tum</span> <span class='ocrx_word' id='word_1_73' title='bbox 910 804 966 834; x_wconf 85' lang='lat' dir='ltr'>ex</span> <span class='ocrx_word' id='word_1_74' title='bbox 994 783 1206 852; x_wconf 83' lang='lat' dir='ltr'>pluribus</span> <span class='ocrx_word' id='word_1_75' title='bbox 1232 819 1247 840; x_wconf 91' lang='lat'>‚</span> <span class='ocrx_word' id='word_1_76' title='bbox 1282 783 1453 851; x_wconf 88' lang='lat' dir='ltr'>quibus</span> <span class='ocrx_word' id='word_1_77' title='bbox 1483 787 1692 851; x_wconf 75' lang='lat' dir='ltr'>opellam</span> <span class='ocrx_word' id='word_1_78' title='bbox 1719 785 1928 845; x_wconf 79' lang='lat' dir='ltr'>ditavit,</span> 
     </span>
     <span class='ocr_line' id='line_1_10' title="bbox 79 853 1925 923; baseline -0.001 -18"><span class='ocrx_word' id='word_1_79' title='bbox 79 855 460 913; x_wconf 88' lang='lat' dir='ltr'>eruditionibus,</span> <span class='ocrx_word' id='word_1_80' title='bbox 490 871 594 903; x_wconf 88' lang='lat' dir='ltr'>tum</span> <span class='ocrx_word' id='word_1_81' title='bbox 628 875 682 906; x_wconf 84' lang='lat' dir='ltr'>ex</span> <span class='ocrx_word' id='word_1_82' title='bbox 705 874 759 904; x_wconf 92' lang='lat' dir='ltr'>eo</span> <span class='ocrx_word' id='word_1_83' title='bbox 781 857 907 922; x_wconf 82' lang='lat' dir='ltr'>quod</span> <span class='ocrx_word' id='word_1_84' title='bbox 926 872 1129 904; x_wconf 86' lang='lat' dir='ltr'>errorem</span> <span class='ocrx_word' id='word_1_85' title='bbox 1160 874 1182 900; x_wconf 86' lang='lat' dir='ltr'>a</span> <span class='ocrx_word' id='word_1_86' title='bbox 1207 853 1467 903; x_wconf 78' lang='lat' dir='ltr'>duodecim</span> <span class='ocrx_word' id='word_1_87' title='bbox 1502 856 1676 903; x_wconf 80' lang='lat' dir='ltr'>saeculis</span> <span class='ocrx_word' id='word_1_88' title='bbox 1710 853 1925 923; x_wconf 79' lang='lat' dir='ltr'>indepre-</span> 
     </span>
     <span class='ocr_line' id='line_1_11' title="bbox 82 920 1787 993; baseline -0.002 -19"><span class='ocrx_word' id='word_1_89' title='bbox 82 926 280 976; x_wconf 85' lang='lat' dir='ltr'>hensum</span> <span class='ocrx_word' id='word_1_90' title='bbox 295 966 310 987; x_wconf 86' lang='lat'><em>‚</em></span> <span class='ocrx_word' id='word_1_91' title='bbox 326 924 618 993; x_wconf 68' lang='lat' dir='ltr'>Reipublica&gt;</span> <span class='ocrx_word' id='word_1_92' title='bbox 637 941 733 973; x_wconf 80' lang='lat' dir='ltr'>tam</span> <span class='ocrx_word' id='word_1_93' title='bbox 752 924 1023 974; x_wconf 67' lang='lat' dir='ltr'>Christianae</span> <span class='ocrx_word' id='word_1_94' title='bbox 1040 963 1054 984; x_wconf 88' lang='lat'>,</span> <span class='ocrx_word' id='word_1_95' title='bbox 1084 926 1224 988; x_wconf 61' lang='lat' dir='ltr'>quam</span> <span class='ocrx_word' id='word_1_96' title='bbox 1246 925 1489 971; x_wconf 75' lang='lat' dir='ltr'>Literariae</span> <span class='ocrx_word' id='word_1_97' title='bbox 1509 920 1757 973; x_wconf 74' lang='lat' dir='ltr'>detexisset</span> <span class='ocrx_word' id='word_1_98' title='bbox 1776 961 1787 971; x_wconf 89' lang='lat'><em>.</em></span> 
     </span>
     <span class='ocr_line' id='line_1_12' title="bbox 217 993 1925 1063; baseline 0 -19"><span class='ocrx_word' id='word_1_99' title='bbox 217 1000 339 1044; x_wconf 87' lang='lat' dir='ltr'>Item</span> <span class='ocrx_word' id='word_1_100' title='bbox 368 1000 501 1062; x_wconf 86' lang='lat' dir='ltr'>Opus</span> <span class='ocrx_word' id='word_1_101' title='bbox 520 999 669 1063; x_wconf 82' lang='lat' dir='ltr'>Operi</span> <span class='ocrx_word' id='word_1_102' title='bbox 692 1032 708 1053; x_wconf 87' lang='lat'>,</span> <span class='ocrx_word' id='word_1_103' title='bbox 734 997 783 1044; x_wconf 87' lang='lat'>&amp;</span> <span class='ocrx_word' id='word_1_104' title='bbox 816 995 1027 1042; x_wconf 80' lang='lat' dir='ltr'>laborem</span> <span class='ocrx_word' id='word_1_105' title='bbox 1060 993 1210 1043; x_wconf 80' lang='lat' dir='ltr'>labori</span> <span class='ocrx_word' id='word_1_106' title='bbox 1243 993 1450 1049; x_wconf 79' lang='lat' dir='ltr'>addens,</span> <span class='ocrx_word' id='word_1_107' title='bbox 1480 994 1692 1042; x_wconf 76' lang='lat' dir='ltr'>hortante</span> <span class='ocrx_word' id='word_1_108' title='bbox 1716 995 1925 1044; x_wconf 61' lang='lat' dir='ltr'>eodem-³</span> 
     </span>
    </p>
   </div>
   <div class='ocr_carea' id='block_1_2' title="bbox 79 1063 2079 1137">
    <p class='ocr_par' dir='ltr' id='par_1_2' title="bbox 79 1063 2079 1137">
     <span class='ocr_line' id='line_1_13' title="bbox 79 1063 2079 1137; baseline -0.001 -24"><span class='ocrx_word' id='word_1_109' title='bbox 79 1067 128 1113; x_wconf 88' lang='lat' dir='ltr'>P.</span> <span class='ocrx_word' id='word_1_110' title='bbox 149 1063 404 1113; x_wconf 78' lang='lat' dir='ltr'>Thomalio</span> <span class='ocrx_word' id='word_1_111' title='bbox 422 1102 437 1122; x_wconf 93' lang='lat'>,</span> <span class='ocrx_word' id='word_1_112' title='bbox 456 1067 504 1116; x_wconf 89' lang='lat' dir='ltr'>H</span> <span class='ocrx_word' id='word_1_113' title='bbox 507 1068 730 1116; x_wconf 66' lang='lat' dir='ltr'>ifloricam</span> <span class='ocrx_word' id='word_1_114' title='bbox 746 1066 1096 1133; x_wconf 67' lang='lat' dir='ltr'>Dffrtationem</span> <span class='ocrx_word' id='word_1_115' title='bbox 1105 1065 1320 1129; x_wconf 83' lang='lat' dir='ltr'>produxit</span> <span class='ocrx_word' id='word_1_116' title='bbox 1333 1064 1383 1111; x_wconf 86' lang='lat' dir='ltr'>de</span> <span class='ocrx_word' id='word_1_117' title='bbox 1400 1065 1438 1112; x_wconf 91' lang='lat' dir='ltr'><em>C</em></span> <span class='ocrx_word' id='word_1_118' title='bbox 1439 1083 1534 1112; x_wconf 84' lang='lat' dir='ltr'>ruce</span> <span class='ocrx_word' id='word_1_119' title='bbox 1547 1064 1802 1120; x_wconf 72' lang='lat' dir='ltr'>stationali,</span> <span class='ocrx_word' id='word_1_120' title='bbox 1823 1084 1922 1128; x_wconf 79' lang='lat' dir='ltr'>quae</span> <span class='ocrx_word' id='word_1_121' title='bbox 1955 1083 2079 1137; x_wconf 80' lang='lat'>¹694·</span> 
     </span>
    </p>
   </div>
   <div class='ocr_carea' id='block_1_3' title="bbox 79 1129 1931 1342">
    <p class='ocr_par' dir='ltr' id='par_1_3' title="bbox 79 1129 1931 1342">
     <span class='ocr_line' id='line_1_14' title="bbox 79 1129 1922 1202; baseline -0.001 -19"><span class='ocrx_word' id='word_1_122' title='bbox 79 1139 126 1183; x_wconf 83' lang='lat' dir='ltr'>in</span> <span class='ocrx_word' id='word_1_123' title='bbox 151 1135 338 1186; x_wconf 83' lang='lat' dir='ltr'>secundi</span> <span class='ocrx_word' id='word_1_124' title='bbox 358 1136 504 1183; x_wconf 79' lang='lat' dir='ltr'>Tomi</span> <span class='ocrx_word' id='word_1_125' title='bbox 531 1140 685 1202; x_wconf 79' lang='lat' dir='ltr'>capite</span> <span class='ocrx_word' id='word_1_126' title='bbox 703 1139 790 1183; x_wconf 91' lang='lat' dir='ltr'>IV.</span> <span class='ocrx_word' id='word_1_127' title='bbox 828 1133 993 1184; x_wconf 82' lang='lat' dir='ltr'>inserta</span> <span class='ocrx_word' id='word_1_128' title='bbox 1024 1136 1226 1202; x_wconf 76' lang='lat' dir='ltr'>legitur,</span> <span class='ocrx_word' id='word_1_129' title='bbox 1257 1153 1307 1181; x_wconf 90' lang='lat' dir='ltr'>ac</span> <span class='ocrx_word' id='word_1_130' title='bbox 1347 1130 1542 1182; x_wconf 78' lang='lat' dir='ltr'>subinde</span> <span class='ocrx_word' id='word_1_131' title='bbox 1562 1129 1791 1202; x_wconf 76' lang='lat' dir='ltr'>aggressus</span> <span class='ocrx_word' id='word_1_132' title='bbox 1811 1133 1922 1183; x_wconf 74' lang='lat' dir='ltr'>Tra-</span> 
     </span>
     <span class='ocr_line' id='line_1_15' title="bbox 79 1201 1931 1271; baseline -0.002 -16"><span class='ocrx_word' id='word_1_133' title='bbox 79 1206 236 1255; x_wconf 63' lang='lat' dir='ltr'>Hacum</span> <span class='ocrx_word' id='word_1_134' title='bbox 251 1205 302 1255; x_wconf 81' lang='lat' dir='ltr'>de</span> <span class='ocrx_word' id='word_1_135' title='bbox 315 1206 475 1255; x_wconf 59' lang='lat' dir='ltr'>sanezae</span> <span class='ocrx_word' id='word_1_136' title='bbox 494 1207 693 1256; x_wconf 63' lang='lat' dir='ltr'>Romanae</span> <span class='ocrx_word' id='word_1_137' title='bbox 728 1204 916 1271; x_wconf 75' lang='lat' dir='ltr'>Ecclefiae</span> <span class='ocrx_word' id='word_1_138' title='bbox 943 1207 1334 1256; x_wconf 66' lang='lat' dir='ltr'>Vice-Caencellario</span> <span class='ocrx_word' id='word_1_139' title='bbox 1349 1237 1365 1259; x_wconf 86' lang='lat'>,</span> <span class='ocrx_word' id='word_1_140' title='bbox 1398 1202 1448 1252; x_wconf 83' lang='lat'>&amp;</span> <span class='ocrx_word' id='word_1_141' title='bbox 1470 1209 1612 1252; x_wconf 80' lang='lat' dir='ltr'>manu</span> <span class='ocrx_word' id='word_1_142' title='bbox 1638 1201 1807 1251; x_wconf 60' lang='lat' dir='ltr'>ultimassi</span> <span class='ocrx_word' id='word_1_143' title='bbox 1838 1223 1931 1252; x_wconf 86' lang='lat' dir='ltr'>non</span> 
     </span>
     <span class='ocr_line' id='line_1_16' title="bbox 80 1272 1928 1342; baseline -0.001 -19"><span class='ocrx_word' id='word_1_144' title='bbox 80 1275 230 1323; x_wconf 77' lang='lat' dir='ltr'>adhuc</span> <span class='ocrx_word' id='word_1_145' title='bbox 252 1273 468 1342; x_wconf 61' lang='lat' dir='ltr'>impolitzi</span> <span class='ocrx_word' id='word_1_146' title='bbox 487 1310 503 1331; x_wconf 94' lang='lat'>,</span> <span class='ocrx_word' id='word_1_147' title='bbox 524 1274 750 1340; x_wconf 82' lang='lat' dir='ltr'>suscepit,</span> <span class='ocrx_word' id='word_1_148' title='bbox 782 1276 831 1324; x_wconf 72' lang='grc' dir='ltr'>ὅ(</span> <span class='ocrx_word' id='word_1_149' title='bbox 866 1277 1037 1341; x_wconf 85' lang='lat' dir='ltr'>raptim</span> <span class='ocrx_word' id='word_1_150' title='bbox 1065 1272 1221 1322; x_wconf 78' lang='lat' dir='ltr'>emisit</span> <span class='ocrx_word' id='word_1_151' title='bbox 1251 1272 1533 1322; x_wconf 52' lang='lat' dir='ltr'>Traditum</span> <span class='ocrx_word' id='word_1_152' title='bbox 1572 1275 1776 1323; x_wconf 78' lang='lat' dir='ltr'>alterum</span> <span class='ocrx_word' id='word_1_153' title='bbox 1796 1309 1811 1331; x_wconf 94' lang='lat'>,</span> <span class='ocrx_word' id='word_1_154' title='bbox 1846 1276 1928 1340; x_wconf 86' lang='lat' dir='ltr'>qui</span> 
     </span>
    </p>
   </div>
   <div class='ocr_carea' id='block_1_4' title="bbox 81 1344 2089 1412">
    <p class='ocr_par' dir='ltr' id='par_1_4' title="bbox 81 1344 2089 1412">
     <span class='ocr_line' id='line_1_17' title="bbox 81 1344 2089 1412; baseline -0.004 -16"><span class='ocrx_word' id='word_1_155' title='bbox 81 1345 411 1412; x_wconf 78' lang='lat' dir='ltr'>Compendiaria</span> <span class='ocrx_word' id='word_1_156' title='bbox 428 1344 606 1395; x_wconf 73' lang='lat' dir='ltr'>Noticia</span> <span class='ocrx_word' id='word_1_157' title='bbox 624 1344 970 1395; x_wconf 69' lang='lat' dir='ltr'>Abbre&#39;viasoris</span> <span class='ocrx_word' id='word_1_158' title='bbox 987 1346 1038 1394; x_wconf 83' lang='lat' dir='ltr'>de</span> <span class='ocrx_word' id='word_1_159' title='bbox 1066 1348 1202 1396; x_wconf 77' lang='lat' dir='ltr'>Curia</span> <span class='ocrx_word' id='word_1_160' title='bbox 1227 1344 1472 1409; x_wconf 85' lang='lat' dir='ltr'>inscriptus</span> <span class='ocrx_word' id='word_1_161' title='bbox 1492 1344 1555 1392; x_wconf 86' lang='lat' dir='ltr'>est</span> <span class='ocrx_word' id='word_1_162' title='bbox 1570 1380 1586 1400; x_wconf 90' lang='lat'>,</span> <span class='ocrx_word' id='word_1_163' title='bbox 1628 1360 1680 1392; x_wconf 90' lang='lat' dir='ltr'>ut</span> <span class='ocrx_word' id='word_1_164' title='bbox 1699 1345 1930 1392; x_wconf 86' lang='lat' dir='ltr'>nimirum</span> <span class='ocrx_word' id='word_1_165' title='bbox 1961 1353 2089 1407; x_wconf 79' lang='lat'>1696.</span> 
     </span>
    </p>
   </div>
   <div class='ocr_carea' id='block_1_5' title="bbox 94 1412 1931 1481">
    <p class='ocr_par' dir='ltr' id='par_1_5' title="bbox 94 1412 1931 1481">
     <span class='ocr_line' id='line_1_18' title="bbox 94 1412 1931 1481; baseline 0 -17"><span class='ocrx_word' id='word_1_166' title='bbox 94 1418 140 1464; x_wconf 66' lang='lat' dir='ltr'>ie</span> <span class='ocrx_word' id='word_1_167' title='bbox 172 1417 253 1463; x_wconf 77' lang='lat' dir='ltr'>tali</span> <span class='ocrx_word' id='word_1_168' title='bbox 273 1433 465 1463; x_wconf 88' lang='lat' dir='ltr'>munere</span> <span class='ocrx_word' id='word_1_169' title='bbox 483 1451 498 1472; x_wconf 92' lang='lat'>,</span> <span class='ocrx_word' id='word_1_170' title='bbox 521 1413 771 1464; x_wconf 64' lang='lat' dir='ltr'>noviffimc}</span> <span class='ocrx_word' id='word_1_171' title='bbox 792 1413 876 1462; x_wconf 80' lang='lat' dir='ltr'>fibi</span> <span class='ocrx_word' id='word_1_172' title='bbox 900 1416 1101 1473; x_wconf 79' lang='lat' dir='ltr'>collato,</span> <span class='ocrx_word' id='word_1_173' title='bbox 1127 1414 1309 1463; x_wconf 78' lang='lat' dir='ltr'>debitas</span> <span class='ocrx_word' id='word_1_174' title='bbox 1333 1412 1550 1461; x_wconf 82' lang='lat' dir='ltr'>Pontifici</span> <span class='ocrx_word' id='word_1_175' title='bbox 1566 1420 1737 1480; x_wconf 79' lang='lat' dir='ltr'>gratias</span> <span class='ocrx_word' id='word_1_176' title='bbox 1758 1429 1931 1481; x_wconf 79' lang='lat' dir='ltr'>ageret:</span> 
     </span>
    </p>
   </div>
   <div class='ocr_carea' id='block_1_6' title="bbox 83 1482 2087 1553">
    <p class='ocr_par' dir='ltr' id='par_1_6' title="bbox 83 1482 2087 1553">
     <span class='ocr_line' id='line_1_19' title="bbox 83 1482 2087 1553; baseline -0.001 -21"><span class='ocrx_word' id='word_1_177' title='bbox 83 1505 137 1533; x_wconf 80' lang='lat' dir='ltr'>ac</span> <span class='ocrx_word' id='word_1_178' title='bbox 166 1485 358 1533; x_wconf 74' lang='lat' dir='ltr'>demum</span> <span class='ocrx_word' id='word_1_179' title='bbox 381 1487 591 1553; x_wconf 77' lang='lat' dir='ltr'>elegans,</span> <span class='ocrx_word' id='word_1_180' title='bbox 619 1486 669 1535; x_wconf 84' lang='lat'>&amp;</span> <span class='ocrx_word' id='word_1_181' title='bbox 699 1486 894 1534; x_wconf 57' lang='lat' dir='ltr'>doctum</span> <span class='ocrx_word' id='word_1_182' title='bbox 924 1484 1204 1552; x_wconf 82' lang='lat' dir='ltr'>opusculum</span> <span class='ocrx_word' id='word_1_183' title='bbox 1235 1485 1430 1532; x_wconf 87' lang='lat' dir='ltr'>molitus</span> <span class='ocrx_word' id='word_1_184' title='bbox 1447 1482 1537 1541; x_wconf 84' lang='lat' dir='ltr'>est,</span> <span class='ocrx_word' id='word_1_185' title='bbox 1569 1486 1696 1549; x_wconf 86' lang='lat' dir='ltr'>quod</span> <span class='ocrx_word' id='word_1_186' title='bbox 1725 1482 1932 1549; x_wconf 80' lang='lat' dir='ltr'>Explica·</span> <span class='ocrx_word' id='word_1_187' title='bbox 1964 1490 2087 1545; x_wconf 84' lang='lat'>1697.</span> 
     </span>
    </p>
   </div>
   <div class='ocr_carea' id='block_1_7' title="bbox 77 1555 1945 3307">
    <p class='ocr_par' dir='ltr' id='par_1_7' title="bbox 77 1555 1937 1696">
     <span class='ocr_line' id='line_1_20' title="bbox 77 1555 1937 1626; baseline -0.001 -22"><span class='ocrx_word' id='word_1_188' title='bbox 77 1561 138 1606; x_wconf 82' lang='lat' dir='ltr'>tio</span> <span class='ocrx_word' id='word_1_189' title='bbox 158 1555 329 1605; x_wconf 79' lang='lat' dir='ltr'>duorum</span> <span class='ocrx_word' id='word_1_190' title='bbox 345 1557 700 1626; x_wconf 62' lang='lat' dir='ltr'>sarcophagorum</span> <span class='ocrx_word' id='word_1_191' title='bbox 719 1592 733 1614; x_wconf 84' lang='lat'>,</span> <span class='ocrx_word' id='word_1_192' title='bbox 750 1557 924 1605; x_wconf 63' lang='lat' dir='ltr'>Sacrum</span> <span class='ocrx_word' id='word_1_193' title='bbox 947 1558 1230 1626; x_wconf 23' lang='lat' dir='ltr'>Bizptffmasis</span> <span class='ocrx_word' id='word_1_194' title='bbox 1245 1561 1378 1605; x_wconf 83' lang='lat' dir='ltr'>ritum</span> <span class='ocrx_word' id='word_1_195' title='bbox 1402 1555 1692 1604; x_wconf 79' lang='lat' dir='ltr'>indicantium</span> <span class='ocrx_word' id='word_1_196' title='bbox 1719 1555 1937 1603; x_wconf 87' lang='lat' dir='ltr'>denomi-</span> 
     </span>
     <span class='ocr_line' id='line_1_21' title="bbox 79 1624 1935 1696; baseline -0.002 -21"><span class='ocrx_word' id='word_1_197' title='bbox 79 1639 233 1686; x_wconf 79' lang='lat' dir='ltr'>natur3</span> <span class='ocrx_word' id='word_1_198' title='bbox 250 1628 298 1676; x_wconf 86' lang='lat'>&amp;</span> <span class='ocrx_word' id='word_1_199' title='bbox 322 1629 408 1675; x_wconf 91' lang='lat' dir='ltr'>hoc</span> <span class='ocrx_word' id='word_1_200' title='bbox 426 1630 572 1674; x_wconf 80' lang='lat' dir='ltr'>etiam</span> <span class='ocrx_word' id='word_1_201' title='bbox 593 1631 637 1674; x_wconf 87' lang='lat' dir='ltr'>in</span> <span class='ocrx_word' id='word_1_202' title='bbox 659 1628 850 1676; x_wconf 71' lang='lat' dir='ltr'>secundi</span> <span class='ocrx_word' id='word_1_203' title='bbox 871 1628 1016 1675; x_wconf 87' lang='lat' dir='ltr'>Tomi</span> <span class='ocrx_word' id='word_1_204' title='bbox 1038 1646 1138 1696; x_wconf 85' lang='lat' dir='ltr'>cap.</span> <span class='ocrx_word' id='word_1_205' title='bbox 1159 1629 1246 1676; x_wconf 91' lang='lat' dir='ltr'>VI.</span> <span class='ocrx_word' id='word_1_206' title='bbox 1267 1624 1494 1674; x_wconf 85' lang='lat' dir='ltr'>studiosus</span> <span class='ocrx_word' id='word_1_207' title='bbox 1510 1626 1683 1675; x_wconf 59' lang='lat' dir='ltr'>Lector</span> <span class='ocrx_word' id='word_1_208' title='bbox 1703 1627 1935 1674; x_wconf 83' lang='lat' dir='ltr'>inveniet.</span> 
     </span>
    </p>

    <p class='ocr_par' dir='ltr' id='par_1_8' title="bbox 79 1695 1941 2328">
     <span class='ocr_line' id='line_1_22' title="bbox 226 1695 1939 1764; baseline -0.001 -20"><span class='ocrx_word' id='word_1_209' title='bbox 226 1697 358 1745; x_wconf 87' lang='lat' dir='ltr'>Tum</span> <span class='ocrx_word' id='word_1_210' title='bbox 389 1697 589 1764; x_wconf 88' lang='lat' dir='ltr'>denique</span> <span class='ocrx_word' id='word_1_211' title='bbox 613 1696 862 1746; x_wconf 72' lang='lat' dir='ltr'>secundam</span> <span class='ocrx_word' id='word_1_212' title='bbox 885 1702 997 1746; x_wconf 89' lang='lat' dir='ltr'>Vet.</span> <span class='ocrx_word' id='word_1_213' title='bbox 1028 1698 1318 1746; x_wconf 76' lang='lat' dir='ltr'>Moiiiment.</span> <span class='ocrx_word' id='word_1_214' title='bbox 1352 1695 1539 1744; x_wconf 82' lang='lat' dir='ltr'>Partem</span> <span class='ocrx_word' id='word_1_215' title='bbox 1566 1695 1811 1744; x_wconf 85' lang='lat' dir='ltr'>absolvere</span> <span class='ocrx_word' id='word_1_216' title='bbox 1831 1730 1847 1751; x_wconf 93' lang='lat'>,</span> <span class='ocrx_word' id='word_1_217' title='bbox 1887 1714 1939 1743; x_wconf 83' lang='lat' dir='ltr'>ac</span> 
     </span>
     <span class='ocr_line' id='line_1_23' title="bbox 80 1762 1939 1836; baseline -0.001 -23"><span class='ocrx_word' id='word_1_218' title='bbox 80 1764 282 1835; x_wconf 62' lang='lat' dir='ltr'>publicae</span> <span class='ocrx_word' id='word_1_219' title='bbox 300 1768 620 1836; x_wconf 58' lang='lat' dir='ltr'>expectationi</span> <span class='ocrx_word' id='word_1_220' title='bbox 653 1768 897 1834; x_wconf 88' lang='lat' dir='ltr'>indulgere</span> <span class='ocrx_word' id='word_1_221' title='bbox 919 1768 1110 1827; x_wconf 81' lang='lat' dir='ltr'>statuit3</span> <span class='ocrx_word' id='word_1_222' title='bbox 1141 1785 1192 1813; x_wconf 82' lang='lat' dir='ltr'>ac</span> <span class='ocrx_word' id='word_1_223' title='bbox 1212 1764 1411 1833; x_wconf 84' lang='lat' dir='ltr'>proinde</span> <span class='ocrx_word' id='word_1_224' title='bbox 1449 1767 1658 1814; x_wconf 86' lang='lat' dir='ltr'>triclinio</span> <span class='ocrx_word' id='word_1_225' title='bbox 1684 1762 1939 1822; x_wconf 74' lang='lat' dir='ltr'>dimissam,</span> 
     </span>
     <span class='ocr_line' id='line_1_24' title="bbox 82 1831 1940 1904; baseline 0 -22"><span class='ocrx_word' id='word_1_226' title='bbox 82 1836 224 1904; x_wconf 77' lang='lat' dir='ltr'>praelo</span> <span class='ocrx_word' id='word_1_227' title='bbox 249 1837 487 1886; x_wconf 82' lang='lat' dir='ltr'>commilit</span> <span class='ocrx_word' id='word_1_228' title='bbox 508 1874 517 1883; x_wconf 93' lang='lat'><em>.</em></span> <span class='ocrx_word' id='word_1_229' title='bbox 551 1839 696 1886; x_wconf 83' lang='lat' dir='ltr'>Sicuti</span> <span class='ocrx_word' id='word_1_230' title='bbox 717 1852 877 1884; x_wconf 82' lang='lat' dir='ltr'>autem</span> <span class='ocrx_word' id='word_1_231' title='bbox 912 1839 956 1884; x_wconf 90' lang='lat' dir='ltr'>in</span> <span class='ocrx_word' id='word_1_232' title='bbox 974 1838 1107 1885; x_wconf 80' lang='lat' dir='ltr'>Parte</span> <span class='ocrx_word' id='word_1_233' title='bbox 1123 1837 1277 1904; x_wconf 84' lang='lat' dir='ltr'>prima</span> <span class='ocrx_word' id='word_1_234' title='bbox 1306 1831 1498 1883; x_wconf 82' lang='lat' dir='ltr'>Mufiva</span> <span class='ocrx_word' id='word_1_235' title='bbox 1525 1837 1684 1884; x_wconf 84' lang='lat' dir='ltr'>omnia</span> <span class='ocrx_word' id='word_1_236' title='bbox 1699 1874 1713 1896; x_wconf 86' lang='lat'>‚</span> <span class='ocrx_word' id='word_1_237' title='bbox 1741 1846 1840 1901; x_wconf 64' lang='lat' dir='ltr'>qua?</span> <span class='ocrx_word' id='word_1_238' title='bbox 1859 1853 1940 1882; x_wconf 89' lang='lat' dir='ltr'>no—</span> 
     </span>
     <span class='ocr_line' id='line_1_25' title="bbox 79 1903 1939 1974; baseline -0.001 -20"><span class='ocrx_word' id='word_1_239' title='bbox 79 1921 244 1963; x_wconf 76' lang='lat' dir='ltr'>verat,</span> <span class='ocrx_word' id='word_1_240' title='bbox 273 1907 329 1955; x_wconf 78' lang='lat' dir='ltr'>ad</span> <span class='ocrx_word' id='word_1_241' title='bbox 348 1910 569 1974; x_wconf 86' lang='lat' dir='ltr'>quintum</span> <span class='ocrx_word' id='word_1_242' title='bbox 590 1905 735 1974; x_wconf 85' lang='lat' dir='ltr'>usque</span> <span class='ocrx_word' id='word_1_243' title='bbox 770 1904 989 1955; x_wconf 75' lang='lat' dir='ltr'>saeculum</span> <span class='ocrx_word' id='word_1_244' title='bbox 1012 1910 1108 1970; x_wconf 78' lang='lat' dir='ltr'>jam</span> <span class='ocrx_word' id='word_1_245' title='bbox 1139 1903 1472 1974; x_wconf 60' lang='lat' dir='ltr'>descripseram</span> <span class='ocrx_word' id='word_1_246' title='bbox 1506 1905 1551 1951; x_wconf 88' lang='lat' dir='ltr'>in</span> <span class='ocrx_word' id='word_1_247' title='bbox 1582 1904 1717 1953; x_wconf 80' lang='lat' dir='ltr'>Parte</span> <span class='ocrx_word' id='word_1_248' title='bbox 1753 1906 1939 1953; x_wconf 52' lang='lat' dir='ltr'>alteram</span> 
     </span>
     <span class='ocr_line' id='line_1_26' title="bbox 83 1972 1941 2045; baseline 0.001 -22"><span class='ocrx_word' id='word_1_249' title='bbox 83 1973 275 2025; x_wconf 79' lang='lat' dir='ltr'>Muliva</span> <span class='ocrx_word' id='word_1_250' title='bbox 302 1978 418 2026; x_wconf 86' lang='lat' dir='ltr'>item</span> <span class='ocrx_word' id='word_1_251' title='bbox 437 1981 595 2026; x_wconf 84' lang='lat' dir='ltr'>omnia</span> <span class='ocrx_word' id='word_1_252' title='bbox 625 1997 647 2024; x_wconf 79' lang='lat' dir='ltr'>a</span> <span class='ocrx_word' id='word_1_253' title='bbox 677 1980 844 2045; x_wconf 86' lang='lat' dir='ltr'>quinto</span> <span class='ocrx_word' id='word_1_254' title='bbox 877 1978 934 2025; x_wconf 81' lang='lat' dir='ltr'>ad</span> <span class='ocrx_word' id='word_1_255' title='bbox 971 1974 1116 2043; x_wconf 81' lang='lat' dir='ltr'>usque</span> <span class='ocrx_word' id='word_1_256' title='bbox 1150 1975 1392 2025; x_wconf 85' lang='lat' dir='ltr'>decimum</span> <span class='ocrx_word' id='word_1_257' title='bbox 1421 1972 1642 2023; x_wconf 75' lang='lat' dir='ltr'>saeculum</span> <span class='ocrx_word' id='word_1_258' title='bbox 1665 1976 1941 2041; x_wconf 86' lang='lat' dir='ltr'>complexus</span> 
     </span>
     <span class='ocr_line' id='line_1_27' title="bbox 85 2043 1940 2115; baseline 0 -21"><span class='ocrx_word' id='word_1_259' title='bbox 85 2045 153 2094; x_wconf 84' lang='lat' dir='ltr'>est</span> <span class='ocrx_word' id='word_1_260' title='bbox 172 2082 183 2092; x_wconf 89' lang='lat'><strong><em>.</em></strong></span> <span class='ocrx_word' id='word_1_261' title='bbox 205 2045 523 2115; x_wconf 79' lang='lat' dir='ltr'>Progressurus</span> <span class='ocrx_word' id='word_1_262' title='bbox 554 2051 599 2096; x_wconf 88' lang='lat' dir='ltr'>in</span> <span class='ocrx_word' id='word_1_263' title='bbox 621 2050 756 2097; x_wconf 85' lang='lat' dir='ltr'>tertia</span> <span class='ocrx_word' id='word_1_264' title='bbox 782 2049 916 2097; x_wconf 82' lang='lat' dir='ltr'>Parte</span> <span class='ocrx_word' id='word_1_265' title='bbox 935 2048 993 2097; x_wconf 86' lang='lat' dir='ltr'>ad</span> <span class='ocrx_word' id='word_1_266' title='bbox 1014 2044 1204 2095; x_wconf 77' lang='lat' dir='ltr'>Mufiva</span> <span class='ocrx_word' id='word_1_267' title='bbox 1221 2082 1237 2105; x_wconf 92' lang='lat'>‚</span> <span class='ocrx_word' id='word_1_268' title='bbox 1267 2064 1368 2113; x_wconf 83' lang='lat' dir='ltr'>quae</span> <span class='ocrx_word' id='word_1_269' title='bbox 1395 2043 1696 2111; x_wconf 81' lang='lat' dir='ltr'>sequentibus</span> <span class='ocrx_word' id='word_1_270' title='bbox 1731 2047 1940 2111; x_wconf 83' lang='lat' dir='ltr'>quinque</span> 
     </span>
     <span class='ocr_line' id='line_1_28' title="bbox 84 2113 1939 2186; baseline 0.001 -24"><span class='ocrx_word' id='word_1_271' title='bbox 84 2113 261 2164; x_wconf 73' lang='lat' dir='ltr'>saeculis</span> <span class='ocrx_word' id='word_1_272' title='bbox 281 2119 585 2184; x_wconf 81' lang='lat' dir='ltr'>prodierunt3</span> <span class='ocrx_word' id='word_1_273' title='bbox 621 2138 673 2167; x_wconf 78' lang='lat' dir='ltr'>ac</span> <span class='ocrx_word' id='word_1_274' title='bbox 691 2117 887 2168; x_wconf 69' lang='lat' dir='ltr'>demum</span> <span class='ocrx_word' id='word_1_275' title='bbox 920 2120 968 2165; x_wconf 88' lang='lat' dir='ltr'>in</span> <span class='ocrx_word' id='word_1_276' title='bbox 989 2131 1153 2186; x_wconf 77' lang='lat' dir='ltr'>quarta</span> <span class='ocrx_word' id='word_1_277' title='bbox 1185 2118 1319 2166; x_wconf 86' lang='lat' dir='ltr'>Parte</span> <span class='ocrx_word' id='word_1_278' title='bbox 1351 2115 1410 2164; x_wconf 81' lang='lat' dir='ltr'>ad</span> <span class='ocrx_word' id='word_1_279' title='bbox 1428 2132 1479 2164; x_wconf 80' lang='lat' dir='ltr'>ea</span> <span class='ocrx_word' id='word_1_280' title='bbox 1494 2151 1509 2173; x_wconf 92' lang='lat'>,</span> <span class='ocrx_word' id='word_1_281' title='bbox 1538 2134 1638 2182; x_wconf 82' lang='lat' dir='ltr'>quae</span> <span class='ocrx_word' id='word_1_282' title='bbox 1661 2116 1904 2164; x_wconf 84' lang='lat' dir='ltr'>memoriae</span> <span class='ocrx_word' id='word_1_283' title='bbox 1922 2150 1939 2173; x_wconf 92' lang='lat'>,</span> 
     </span>
     <span class='ocr_line' id='line_1_29' title="bbox 84 2183 1937 2256; baseline -0.001 -23"><span class='ocrx_word' id='word_1_284' title='bbox 84 2183 182 2233; x_wconf 86' lang='lat' dir='ltr'>five</span> <span class='ocrx_word' id='word_1_285' title='bbox 211 2189 355 2234; x_wconf 64' lang='lat' dir='ltr'>aetatis</span> <span class='ocrx_word' id='word_1_286' title='bbox 373 2188 558 2235; x_wconf 78' lang='lat' dir='ltr'>incertae</span> <span class='ocrx_word' id='word_1_287' title='bbox 582 2187 684 2236; x_wconf 83' lang='lat' dir='ltr'>sunt</span> <span class='ocrx_word' id='word_1_288' title='bbox 698 2227 712 2247; x_wconf 86' lang='lat'>,</span> <span class='ocrx_word' id='word_1_289' title='bbox 731 2187 816 2236; x_wconf 72' lang='lat' dir='ltr'>nisi</span> <span class='ocrx_word' id='word_1_290' title='bbox 837 2202 992 2238; x_wconf 89' lang='lat' dir='ltr'>morte</span> <span class='ocrx_word' id='word_1_291' title='bbox 1018 2200 1272 2256; x_wconf 84' lang='lat' dir='ltr'>occupatus</span> <span class='ocrx_word' id='word_1_292' title='bbox 1289 2223 1304 2244; x_wconf 85' lang='lat'>,</span> <span class='ocrx_word' id='word_1_293' title='bbox 1324 2187 1416 2234; x_wconf 79' lang='lat' dir='ltr'>liaec</span> <span class='ocrx_word' id='word_1_294' title='bbox 1431 2187 1481 2236; x_wconf 85' lang='lat'>&amp;</span> <span class='ocrx_word' id='word_1_295' title='bbox 1501 2188 1590 2234; x_wconf 83' lang='lat' dir='ltr'>alia</span> <span class='ocrx_word' id='word_1_296' title='bbox 1610 2203 1710 2251; x_wconf 83' lang='lat' dir='ltr'>quae</span> <span class='ocrx_word' id='word_1_297' title='bbox 1726 2186 1804 2234; x_wconf 82' lang='lat' dir='ltr'>vel</span> <span class='ocrx_word' id='word_1_298' title='bbox 1825 2203 1937 2233; x_wconf 89' lang='lat' dir='ltr'>con-</span> 
     </span>
     <span class='ocr_line' id='line_1_30' title="bbox 88 2253 1903 2328; baseline -0.001 -25"><span class='ocrx_word' id='word_1_299' title='bbox 88 2270 275 2324; x_wconf 78' lang='lat' dir='ltr'>ceperat</span> <span class='ocrx_word' id='word_1_300' title='bbox 292 2293 307 2313; x_wconf 93' lang='lat'>,</span> <span class='ocrx_word' id='word_1_301' title='bbox 321 2259 400 2305; x_wconf 80' lang='lat' dir='ltr'>vel</span> <span class='ocrx_word' id='word_1_302' title='bbox 420 2258 726 2306; x_wconf 82' lang='lat' dir='ltr'>inchoaverat</span> <span class='ocrx_word' id='word_1_303' title='bbox 756 2262 917 2325; x_wconf 79' lang='lat' dir='ltr'>Opera</span> <span class='ocrx_word' id='word_1_304' title='bbox 936 2259 994 2308; x_wconf 82' lang='lat' dir='ltr'>ad</span> <span class='ocrx_word' id='word_1_305' title='bbox 1014 2257 1315 2328; x_wconf 86' lang='lat' dir='ltr'>sepulchrum</span> <span class='ocrx_word' id='word_1_306' title='bbox 1335 2255 1380 2305; x_wconf 91' lang='lat' dir='ltr'>se</span> <span class='ocrx_word' id='word_1_307' title='bbox 1405 2274 1515 2305; x_wconf 87' lang='lat' dir='ltr'>cum</span> <span class='ocrx_word' id='word_1_308' title='bbox 1550 2254 1648 2324; x_wconf 87' lang='lat' dir='ltr'>ipso</span> <span class='ocrx_word' id='word_1_309' title='bbox 1660 2253 1875 2304; x_wconf 70' lang='lat' dir='ltr'>&#39;traxisset</span> <span class='ocrx_word' id='word_1_310' title='bbox 1892 2291 1903 2301; x_wconf 90' lang='lat'><strong>.</strong></span> 
     </span>
    </p>

    <p class='ocr_par' dir='ltr' id='par_1_9' title="bbox 84 2322 1943 2817">
     <span class='ocr_line' id='line_1_31' title="bbox 226 2322 1942 2396; baseline -0.001 -21"><span class='ocrx_word' id='word_1_311' title='bbox 226 2330 281 2375; x_wconf 82' lang='lat' dir='ltr'>Iu</span> <span class='ocrx_word' id='word_1_312' title='bbox 304 2328 505 2375; x_wconf 81' lang='lat' dir='ltr'>exitium</span> <span class='ocrx_word' id='word_1_313' title='bbox 528 2331 643 2375; x_wconf 75' lang='lat' dir='ltr'>tanti</span> <span class='ocrx_word' id='word_1_314' title='bbox 672 2331 763 2375; x_wconf 87' lang='lat' dir='ltr'>viri</span> <span class='ocrx_word' id='word_1_315' title='bbox 795 2327 888 2394; x_wconf 88' lang='lat' dir='ltr'>ipse</span> <span class='ocrx_word' id='word_1_316' title='bbox 918 2347 1050 2378; x_wconf 81' lang='lat' dir='ltr'>amor</span> <span class='ocrx_word' id='word_1_317' title='bbox 1074 2326 1382 2396; x_wconf 79' lang='lat' dir='ltr'>adipiscendae</span> <span class='ocrx_word' id='word_1_318' title='bbox 1403 2329 1612 2376; x_wconf 86' lang='lat' dir='ltr'>Virtutis</span> <span class='ocrx_word' id='word_1_319' title='bbox 1628 2362 1643 2383; x_wconf 89' lang='lat'>,</span> <span class='ocrx_word' id='word_1_320' title='bbox 1663 2322 1942 2393; x_wconf 74' lang='lat' dir='ltr'>ipsumque-0</span> 
     </span>
     <span class='ocr_line' id='line_1_32' title="bbox 84 2391 1942 2464; baseline -0.003 -17"><span class='ocrx_word' id='word_1_321' title='bbox 84 2398 292 2447; x_wconf 82' lang='lat' dir='ltr'>studium</span> <span class='ocrx_word' id='word_1_322' title='bbox 311 2397 571 2464; x_wconf 75' lang='lat' dir='ltr'>vestigandi</span> <span class='ocrx_word' id='word_1_323' title='bbox 590 2437 604 2459; x_wconf 87' lang='lat'>,</span> <span class='ocrx_word' id='word_1_324' title='bbox 621 2400 670 2448; x_wconf 83' lang='lat'>&amp;</span> <span class='ocrx_word' id='word_1_325' title='bbox 692 2397 902 2447; x_wconf 87' lang='lat' dir='ltr'>discendi</span> <span class='ocrx_word' id='word_1_326' title='bbox 924 2401 1129 2464; x_wconf 80' lang='lat' dir='ltr'>plurima</span> <span class='ocrx_word' id='word_1_327' title='bbox 1161 2403 1488 2460; x_wconf 86' lang='lat' dir='ltr'>conjurarunt.</span> <span class='ocrx_word' id='word_1_328' title='bbox 1513 2395 1638 2445; x_wconf 71' lang='lat' dir='ltr'>Cum</span> <span class='ocrx_word' id='word_1_329' title='bbox 1661 2397 1787 2443; x_wconf 87' lang='lat' dir='ltr'>enim</span> <span class='ocrx_word' id='word_1_330' title='bbox 1814 2391 1942 2461; x_wconf 89' lang='lat' dir='ltr'>plus-</span> 
     </span>
     <span class='ocr_line' id='line_1_33' title="bbox 87 2466 1942 2535; baseline -0.002 -20"><span class='ocrx_word' id='word_1_331' title='bbox 87 2486 228 2535; x_wconf 70' lang='lat' dir='ltr'>quam</span> <span class='ocrx_word' id='word_1_332' title='bbox 257 2485 337 2534; x_wconf 75' lang='lat' dir='ltr'>par</span> <span class='ocrx_word' id='word_1_333' title='bbox 365 2482 464 2515; x_wconf 84' lang='lat' dir='ltr'>erat</span> <span class='ocrx_word' id='word_1_334' title='bbox 491 2468 699 2516; x_wconf 68' lang='lat' dir='ltr'>solicitus</span> <span class='ocrx_word' id='word_1_335' title='bbox 732 2469 1011 2534; x_wconf 73' lang='lat' dir='ltr'>explorandi</span> <span class='ocrx_word' id='word_1_336' title='bbox 1042 2470 1234 2515; x_wconf 58' lang='lat' dir='ltr'>Naturae</span> <span class='ocrx_word' id='word_1_337' title='bbox 1258 2484 1417 2513; x_wconf 77' lang='lat' dir='ltr'>arcana</span> <span class='ocrx_word' id='word_1_338' title='bbox 1439 2501 1454 2522; x_wconf 93' lang='lat'>‚</span> <span class='ocrx_word' id='word_1_339' title='bbox 1491 2466 1725 2514; x_wconf 88' lang='lat' dir='ltr'>Chimicis</span> <span class='ocrx_word' id='word_1_340' title='bbox 1754 2466 1942 2513; x_wconf 63' lang='lat' dir='ltr'>etiam-2</span> 
     </span>
     <span class='ocr_line' id='line_1_34' title="bbox 88 2533 1939 2606; baseline -0.003 -20"><span class='ocrx_word' id='word_1_341' title='bbox 88 2536 441 2598; x_wconf 65' lang='lat' dir='ltr'>operationibus</span> <span class='ocrx_word' id='word_1_342' title='bbox 460 2536 668 2606; x_wconf 76' lang='lat' dir='ltr'>coepisset</span> <span class='ocrx_word' id='word_1_343' title='bbox 689 2537 959 2586; x_wconf 73' lang='lat' dir='ltr'>incumbere</span> <span class='ocrx_word' id='word_1_344' title='bbox 985 2559 994 2585; x_wconf 96' lang='lat'><strong>:</strong></span> <span class='ocrx_word' id='word_1_345' title='bbox 1017 2537 1213 2605; x_wconf 82' lang='lat' dir='ltr'>periculi</span> <span class='ocrx_word' id='word_1_346' title='bbox 1232 2533 1414 2585; x_wconf 77' lang='lat' dir='ltr'>fortasse</span> <span class='ocrx_word' id='word_1_347' title='bbox 1443 2538 1807 2592; x_wconf 77' lang='lat' dir='ltr'>immemor,aut</span> <span class='ocrx_word' id='word_1_348' title='bbox 1824 2553 1939 2584; x_wconf 90' lang='lat' dir='ltr'>con-</span> 
     </span>
     <span class='ocr_line' id='line_1_35' title="bbox 86 2600 1943 2676; baseline -0.002 -21"><span class='ocrx_word' id='word_1_349' title='bbox 86 2600 297 2675; x_wconf 82' lang='lat' dir='ltr'>temptor</span> <span class='ocrx_word' id='word_1_350' title='bbox 319 2642 332 2663; x_wconf 89' lang='lat'>,</span> <span class='ocrx_word' id='word_1_351' title='bbox 351 2605 601 2676; x_wconf 71' lang='lat' dir='ltr'>fumiganti</span> <span class='ocrx_word' id='word_1_352' title='bbox 626 2611 872 2657; x_wconf 87' lang='lat' dir='ltr'>Mercurio</span> <span class='ocrx_word' id='word_1_353' title='bbox 904 2609 946 2656; x_wconf 85' lang='lat' dir='ltr'>se</span> <span class='ocrx_word' id='word_1_354' title='bbox 973 2624 1206 2675; x_wconf 66' lang='lat' dir='ltr'>exp-onere</span> <span class='ocrx_word' id='word_1_355' title='bbox 1236 2642 1251 2663; x_wconf 85' lang='lat'>,</span> <span class='ocrx_word' id='word_1_356' title='bbox 1286 2604 1475 2671; x_wconf 83' lang='lat' dir='ltr'>ejusque</span> <span class='ocrx_word' id='word_1_357' title='bbox 1507 2603 1745 2654; x_wconf 78' lang='lat' dir='ltr'>arsenicali</span> <span class='ocrx_word' id='word_1_358' title='bbox 1774 2602 1943 2671; x_wconf 86' lang='lat' dir='ltr'>spiritu</span> 
     </span>
     <span class='ocr_line' id='line_1_36' title="bbox 87 2671 1941 2736; baseline -0.003 -10"><span class='ocrx_word' id='word_1_359' title='bbox 87 2676 246 2726; x_wconf 75' lang='lat' dir='ltr'>afflari</span> <span class='ocrx_word' id='word_1_360' title='bbox 281 2695 372 2724; x_wconf 83' lang='lat' dir='ltr'>non</span> <span class='ocrx_word' id='word_1_361' title='bbox 400 2680 596 2736; x_wconf 82' lang='lat' dir='ltr'>timuit,</span> <span class='ocrx_word' id='word_1_362' title='bbox 626 2679 776 2727; x_wconf 86' lang='lat' dir='ltr'>donec</span> <span class='ocrx_word' id='word_1_363' title='bbox 816 2680 998 2726; x_wconf 72' lang='lat' dir='ltr'>lethalis</span> <span class='ocrx_word' id='word_1_364' title='bbox 1027 2678 1194 2725; x_wconf 59' lang='lat' dir='ltr'>veneni</span> <span class='ocrx_word' id='word_1_365' title='bbox 1228 2673 1392 2724; x_wconf 67' lang='lat' dir='ltr'>liaustu</span> <span class='ocrx_word' id='word_1_366' title='bbox 1414 2671 1577 2723; x_wconf 77' lang='lat' dir='ltr'>sensim</span> <span class='ocrx_word' id='word_1_367' title='bbox 1600 2672 1941 2732; x_wconf 57' lang='lat' dir='ltr'>labefactatus,</span> 
     </span>
     <span class='ocr_line' id='line_1_37' title="bbox 90 2747 1079 2817; baseline -0.002 -22"><span class='ocrx_word' id='word_1_368' title='bbox 90 2747 376 2796; x_wconf 81' lang='lat' dir='ltr'>duodecimo</span> <span class='ocrx_word' id='word_1_369' title='bbox 406 2747 560 2797; x_wconf 85' lang='lat' dir='ltr'>morbi</span> <span class='ocrx_word' id='word_1_370' title='bbox 580 2750 656 2798; x_wconf 88' lang='lat' dir='ltr'>die</span> <span class='ocrx_word' id='word_1_371' title='bbox 687 2748 960 2817; x_wconf 67' lang='lat' dir='ltr'>absumptus</span> <span class='ocrx_word' id='word_1_372' title='bbox 987 2749 1079 2795; x_wconf 80' lang='lat' dir='ltr'>est.</span> 
     </span>
    </p>

    <p class='ocr_par' dir='ltr' id='par_1_10' title="bbox 81 2812 1945 3307">
     <span class='ocr_line' id='line_1_38' title="bbox 232 2812 1945 2884; baseline -0.002 -19"><span class='ocrx_word' id='word_1_373' title='bbox 232 2821 459 2884; x_wconf 78' lang='lat' dir='ltr'>Suprema</span> <span class='ocrx_word' id='word_1_374' title='bbox 481 2825 578 2882; x_wconf 82' lang='lat' dir='ltr'>ejus</span> <span class='ocrx_word' id='word_1_375' title='bbox 608 2822 825 2867; x_wconf 78' lang='lat' dir='ltr'>voluntas</span> <span class='ocrx_word' id='word_1_376' title='bbox 849 2818 1071 2874; x_wconf 80' lang='lat' dir='ltr'>ostendit,</span> <span class='ocrx_word' id='word_1_377' title='bbox 1085 2831 1259 2884; x_wconf 74' lang='lat' dir='ltr'>quanto</span> <span class='ocrx_word' id='word_1_378' title='bbox 1289 2817 1445 2864; x_wconf 84' lang='lat' dir='ltr'>literas</span> <span class='ocrx_word' id='word_1_379' title='bbox 1481 2812 1668 2863; x_wconf 85' lang='lat' dir='ltr'>fervore</span> <span class='ocrx_word' id='word_1_380' title='bbox 1687 2816 1912 2864; x_wconf 80' lang='lat' dir='ltr'>dilexerit</span> <span class='ocrx_word' id='word_1_381' title='bbox 1929 2851 1945 2873; x_wconf 83' lang='lat'>,</span> 
     </span>
     <span class='ocr_line' id='line_1_39' title="bbox 93 2883 1944 2953; baseline -0.002 -18"><span class='ocrx_word' id='word_1_382' title='bbox 93 2885 203 2935; x_wconf 70' lang='lat' dir='ltr'>cum</span> <span class='ocrx_word' id='word_1_383' title='bbox 224 2888 457 2936; x_wconf 78' lang='lat' dir='ltr'>Literatos</span> <span class='ocrx_word' id='word_1_384' title='bbox 482 2906 538 2937; x_wconf 85' lang='lat' dir='ltr'>ex</span> <span class='ocrx_word' id='word_1_385' title='bbox 564 2885 648 2937; x_wconf 72' lang='lat' dir='ltr'>asse</span> <span class='ocrx_word' id='word_1_386' title='bbox 677 2890 876 2937; x_wconf 63' lang='lat' dir='ltr'>haeredes</span> <span class='ocrx_word' id='word_1_387' title='bbox 896 2887 1123 2936; x_wconf 83' lang='lat' dir='ltr'>instituit.</span> <span class='ocrx_word' id='word_1_388' title='bbox 1159 2888 1361 2940; x_wconf 84' lang='lat' dir='ltr'>Ultimis</span> <span class='ocrx_word' id='word_1_389' title='bbox 1381 2903 1552 2953; x_wconf 88' lang='lat' dir='ltr'>nempe</span> <span class='ocrx_word' id='word_1_390' title='bbox 1587 2883 1760 2933; x_wconf 83' lang='lat' dir='ltr'>tabulis</span> <span class='ocrx_word' id='word_1_391' title='bbox 1783 2884 1944 2948; x_wconf 84' lang='lat' dir='ltr'>juffit,</span> 
     </span>
     <span class='ocr_line' id='line_1_40' title="bbox 92 2955 1944 3026; baseline -0.001 -23"><span class='ocrx_word' id='word_1_392' title='bbox 92 2971 146 3004; x_wconf 86' lang='lat' dir='ltr'>ut</span> <span class='ocrx_word' id='word_1_393' title='bbox 177 2975 235 3005; x_wconf 77' lang='lat' dir='ltr'>ex</span> <span class='ocrx_word' id='word_1_394' title='bbox 270 2960 786 3024; x_wconf 77' lang='lat' dir='ltr'>pecunialiaereditaria</span> <span class='ocrx_word' id='word_1_395' title='bbox 827 2956 1107 3026; x_wconf 84' lang='lat' dir='ltr'>Hospitium</span> <span class='ocrx_word' id='word_1_396' title='bbox 1142 2994 1157 3014; x_wconf 93' lang='lat'>,</span> <span class='ocrx_word' id='word_1_397' title='bbox 1201 2955 1297 3005; x_wconf 84' lang='lat' dir='ltr'>five</span> <span class='ocrx_word' id='word_1_398' title='bbox 1330 2957 1605 3023; x_wconf 83' lang='lat' dir='ltr'>Collegium</span> <span class='ocrx_word' id='word_1_399' title='bbox 1646 2957 1944 3022; x_wconf 86' lang='lat' dir='ltr'>erigeretur,</span> 
     </span>
     <span class='ocr_line' id='line_1_41' title="bbox 92 3026 1942 3098; baseline 0.001 -26"><span class='ocrx_word' id='word_1_400' title='bbox 92 3027 139 3072; x_wconf 83' lang='lat' dir='ltr'>in</span> <span class='ocrx_word' id='word_1_401' title='bbox 169 3044 260 3091; x_wconf 86' lang='lat' dir='ltr'>quo</span> <span class='ocrx_word' id='word_1_402' title='bbox 288 3028 542 3076; x_wconf 81' lang='lat' dir='ltr'>duodecim</span> <span class='ocrx_word' id='word_1_403' title='bbox 559 3033 771 3098; x_wconf 83' lang='lat' dir='ltr'>Juveues</span> <span class='ocrx_word' id='word_1_404' title='bbox 790 3028 982 3097; x_wconf 79' lang='lat' dir='ltr'>singulis</span> <span class='ocrx_word' id='word_1_405' title='bbox 1001 3026 1233 3076; x_wconf 83' lang='lat' dir='ltr'>mensibus</span> <span class='ocrx_word' id='word_1_406' title='bbox 1265 3026 1577 3074; x_wconf 78' lang='lat' dir='ltr'>Academiam</span> <span class='ocrx_word' id='word_1_407' title='bbox 1605 3027 1656 3074; x_wconf 88' lang='lat' dir='ltr'>de</span> <span class='ocrx_word' id='word_1_408' title='bbox 1681 3026 1804 3075; x_wconf 81' lang='lat' dir='ltr'>rebus</span> <span class='ocrx_word' id='word_1_409' title='bbox 1818 3026 1942 3091; x_wconf 79' lang='lat' dir='ltr'><em>Phy-</em></span> 
     </span>
     <span class='ocr_line' id='line_1_42' title="bbox 81 3095 1941 3162; baseline -0.002 -20"><span class='ocrx_word' id='word_1_410' title='bbox 81 3095 506 3162; x_wconf 73' lang='lat' dir='ltr'>fico-mathematicis</span> <span class='ocrx_word' id='word_1_411' title='bbox 523 3135 537 3156; x_wconf 91' lang='lat'>,</span> <span class='ocrx_word' id='word_1_412' title='bbox 569 3117 653 3147; x_wconf 86' lang='lat' dir='ltr'>nec</span> <span class='ocrx_word' id='word_1_413' title='bbox 680 3119 771 3148; x_wconf 86' lang='lat' dir='ltr'>non</span> <span class='ocrx_word' id='word_1_414' title='bbox 792 3100 1104 3147; x_wconf 79' lang='lat' dir='ltr'>Academiam</span> <span class='ocrx_word' id='word_1_415' title='bbox 1125 3099 1323 3145; x_wconf 80' lang='lat' dir='ltr'>alteram</span> <span class='ocrx_word' id='word_1_416' title='bbox 1341 3097 1392 3145; x_wconf 87' lang='lat' dir='ltr'>de</span> <span class='ocrx_word' id='word_1_417' title='bbox 1408 3099 1621 3147; x_wconf 80' lang='lat' dir='ltr'>Conciliis</span> <span class='ocrx_word' id='word_1_418' title='bbox 1642 3095 1847 3144; x_wconf 82' lang='lat' dir='ltr'>vicissim</span> <span class='ocrx_word' id='word_1_419' title='bbox 1866 3096 1941 3139; x_wconf 81' lang='lat' dir='ltr'>lia-</span> 
     </span>
     <span class='ocr_line' id='line_1_43' title="bbox 94 3163 1942 3236; baseline 0 -28"><span class='ocrx_word' id='word_1_420' title='bbox 94 3163 270 3212; x_wconf 85' lang='lat' dir='ltr'>berent.</span> <span class='ocrx_word' id='word_1_421' title='bbox 292 3170 547 3216; x_wconf 75' lang='lat' dir='ltr'>Mandavit</span> <span class='ocrx_word' id='word_1_422' title='bbox 568 3167 769 3236; x_wconf 85' lang='lat' dir='ltr'>insuper,</span> <span class='ocrx_word' id='word_1_423' title='bbox 790 3184 840 3217; x_wconf 86' lang='lat' dir='ltr'>ut</span> <span class='ocrx_word' id='word_1_424' title='bbox 857 3167 1149 3216; x_wconf 80' lang='lat' dir='ltr'>Bibliotheca</span> <span class='ocrx_word' id='word_1_425' title='bbox 1166 3204 1181 3224; x_wconf 90' lang='lat'>,</span> <span class='ocrx_word' id='word_1_426' title='bbox 1206 3170 1255 3217; x_wconf 85' lang='lat'>&amp;</span> <span class='ocrx_word' id='word_1_427' title='bbox 1272 3165 1505 3215; x_wconf 74' lang='lat' dir='ltr'>Musaeum</span> <span class='ocrx_word' id='word_1_428' title='bbox 1525 3166 1702 3214; x_wconf 86' lang='lat' dir='ltr'>nedum</span> <span class='ocrx_word' id='word_1_429' title='bbox 1724 3163 1942 3230; x_wconf 76' lang='lat' dir='ltr'>Hospiti-</span> 
     </span>
     <span class='ocr_line' id='line_1_44' title="bbox 94 3232 1941 3307; baseline 0 -28"><span class='ocrx_word' id='word_1_430' title='bbox 94 3232 177 3279; x_wconf 73' lang='lat' dir='ltr'>bus</span> <span class='ocrx_word' id='word_1_431' title='bbox 196 3236 398 3304; x_wconf 79' lang='lat' dir='ltr'>Collegii</span> <span class='ocrx_word' id='word_1_432' title='bbox 426 3238 636 3307; x_wconf 85' lang='lat' dir='ltr'>erigendi</span> <span class='ocrx_word' id='word_1_433' title='bbox 659 3277 674 3299; x_wconf 87' lang='lat'>,</span> <span class='ocrx_word' id='word_1_434' title='bbox 706 3240 856 3287; x_wconf 77' lang='lat' dir='ltr'>immo</span> <span class='ocrx_word' id='word_1_435' title='bbox 890 3241 1033 3287; x_wconf 82' lang='lat' dir='ltr'>etiam</span> <span class='ocrx_word' id='word_1_436' title='bbox 1057 3236 1274 3287; x_wconf 83' lang='lat' dir='ltr'>omnibus</span> <span class='ocrx_word' id='word_1_437' title='bbox 1307 3235 1606 3285; x_wconf 82' lang='lat' dir='ltr'>scientiarum</span> <span class='ocrx_word' id='word_1_438' title='bbox 1631 3233 1906 3283; x_wconf 89' lang='lat' dir='ltr'>Cultoribus</span> <span class='ocrx_word' id='word_1_439' title='bbox 1926 3267 1941 3288; x_wconf 90' lang='lat'><em>‚</em></span> 
     </span>
    </p>
   </div>
   <div class='ocr_carea' id='block_1_8' title="bbox 1924 3300 1934 3307">
    <p class='ocr_par' dir='ltr' id='par_1_11' title="bbox 1924 3300 1934 3307">
     <span class='ocr_line' id='line_1_45' title="bbox 1924 3300 1934 3307; baseline 0 0"><span class='ocrx_word' id='word_1_440' title='bbox 1924 3300 1934 3307; x_wconf 57' lang='lat' dir='ltr'><em>n</em></span> 
     </span>
    </p>
   </div>
   <div class='ocr_carea' id='block_1_9' title="bbox 120 3303 1937 3358">
    <p class='ocr_par' dir='ltr' id='par_1_12' title="bbox 120 3303 1937 3358">
     <span class='ocr_line' id='line_1_46' title="bbox 120 3303 1937 3358; baseline -0.002 -6"><span class='ocrx_word' id='word_1_441' title='bbox 120 3347 122 3349; x_wconf 90' lang='lat'>.</span> <span class='ocrx_word' id='word_1_442' title='bbox 173 3303 275 3352; x_wconf 79' lang='lat' dir='ltr'>Par.</span> <span class='ocrx_word' id='word_1_443' title='bbox 295 3304 330 3358; x_wconf 79' lang='lat' dir='ltr'><em>L</em></span> <span class='ocrx_word' id='word_1_444' title='bbox 1098 3307 1127 3355; x_wconf 86' lang='lat' dir='ltr'>d</span> <span class='ocrx_word' id='word_1_445' title='bbox 1170 3325 1193 3353; x_wconf 85' lang='lat'>2</span> <span class='ocrx_word' id='word_1_446' title='bbox 1850 3308 1937 3349; x_wconf 75' lang='lat' dir='ltr'>aeli</span> 
     </span>
    </p>
   </div>
   <div class='ocr_carea' id='block_1_10' title="bbox 1969 1843 2093 1899">
    <p class='ocr_par' dir='ltr' id='par_1_13' title="bbox 1969 1843 2093 1899">
     <span class='ocr_line' id='line_1_47' title="bbox 1969 1843 2093 1899; baseline -0.016 -15"><span class='ocrx_word' id='word_1_447' title='bbox 1969 1843 2093 1899; x_wconf 72' lang='lat'>2698.</span> 
     </span>
    </p>
   </div>
  </div>
 </body>
</html>
