2425 3747
241 323 526 372 imperatoribus
543 318 1024 366 lampadespraeferebantur
1041 329 1120 368 ²30.-
1145 330 1179 352 2.

241 374 473 419 imperatoris
495 370 688 416 Palaeologi
716 368 920 407 Ferrariam
954 378 1021 415 pro
1050 377 1216 405 unionb

287 422 499 462 Graecornm
514 434 600 467 cum
616 418 752 457 Latinis
767 415 923 456 accessus
939 428 1001 464 44.
1021 429 1052 452 2.

340 473 513 519 Ejusdem
550 469 596 508 ad
622 467 733 518 pedes
758 466 944 508 Pontificis
979 463 1213 517 genuflexio,

339 550 348 560 ο
360 536 391 559 2.

287 536 473 611 44Itidem
486 568 598 608 Seffio
614 568 647 607 in
660 566 829 607 Concilio
839 564 1055 607 Florentino
1067 593 1080 612 ‚
1107 561 1192 604 ibid.

240 623 504 671 Imperatores,
530 632 571 658 ac
586 621 705 666 Reges
728 618 892 656 Romam
918 616 1110 655 venientes
1139 613 1212 652 Ca-

287 672 411 711 nonici
424 671 458 707 S.
468 668 562 708 Petri
575 679 744 709 creantur
763 679 844 713 ¹34·
864 676 896 700 2.
1131 713 1142 720 ἡ
1177 713 1184 719 ·

240 721 493 761 Innocentium
515 721 646 766 strages
660 747 672 762 ‚
699 717 844 756 muslvo
869 727 977 764 opere
992 716 1153 763 expressa
1175 724 1210 752 iu

289 772 406 811 Arcus
421 770 634 810 summitate
654 767 689 805 S.
704 766 829 807 Mariae
843 765 994 804 MaiorIs
1010 778 1091 811 209.
1115 778 1143 801 1.

237 821 421 868 Inscriptio
436 820 584 868 antiqua
602 818 739 856 Mufivi
761 816 880 865 operis
899 821 957 854 80,
977 829 1005 853 1.

335 871 378 909 In
404 870 477 909 bafi
503 869 682 909 columne
707 875 793 910 ante
819 865 1019 908 Ecclesiam
1045 864 1079 902 S.
1108 862 1209 901 Pauli

291 934 348 968 ²5·
369 933 399 957 ι.

338 971 379 1008 In
393 969 588 1018 Astragulo
605 978 660 1010 25.
676 982 714 1005 2.

339 1019 392 1060 Pl.
405 1018 579 1059 Ricimeri
601 1018 638 1058 in
653 1016 798 1056 musivo
810 1017 846 1052 S.
864 1017 1020 1065 Agathae
1039 1025 1124 1058 259·
1153 1027 1183 1050 1.

337 1069 573 1117 Sepulchralis
591 1068 738 1117 antiqua
753 1096 764 1114 ,
788 1067 826 1105 Sc
841 1069 990 1106 barbara
1017 1065 1109 1103 olim
1138 1063 1207 1102 im,

283 1118 442 1159 Ecclesia
456 1118 489 1155 S.
503 1119 659 1166 Agathae
676 1121 754 1163 276.
777 1129 807 1154 1.

338 1170 378 1207 Iu
396 1168 509 1207 valvis
523 1169 632 1205 aeneis
647 1166 808 1208 Ecclefiae,
821 1165 853 1204 S.
869 1166 972 1206 Pauli
983 1173 1102 1204 errata
1115 1173 1206 1200 con-

287 1229 342 1259 tra
355 1219 500 1260 Baronii
514 1217 746 1258 ailertionem
769 1229 829 1262 42.
850 1230 883 1255 2.

239 1268 489 1316 inscriptiones
500 1268 644 1306 simili-e
659 1267 863 1316 Capisuccae
884 1272 958 1306 182-
982 1279 1013 1302 1.
1031 1278 1064 1302 ¹.

238 1318 394 1366 insignia
409 1316 572 1357 concessa
586 1317 725 1358 Guelfis
742 1346 753 1362 ,
779 1317 817 1355 δέ
828 1316 1016 1355 Gibellinis
1029 1328 1086 1361 30.
1107 1328 1136 1351 1.

338 1367 528 1407 Gentilitia
554 1367 706 1416 Eugenii
726 1368 792 1406 IV.
812 1367 850 1405 in
876 1365 992 1406 valvis
1023 1363 1209 1404 Vaticanae

287 1417 440 1457 Basilicae
453 1432 511 1467 44.
532 1431 561 1454 1.

240 1470 480 1508 Intervallum
498 1496 509 1513 ‚
537 1468 610 1505 five
625 1466 781 1514 spatium
795 1467 891 1505 inter
902 1463 1052 1502 aedificia
1066 1463 1208 1511 privata

289 1527 471 1567 quantum
488 1515 580 1554 olim
594 1525 671 1557 erat
686 1520 729 1560 65
766 1529 796 1553 1.

235 1569 394 1616 joannes
409 1566 560 1614 Baptista
575 1563 771 1603 Callandra
784 1563 1001 1603 Musivarius
1019 1565 1074 1599 88.
1093 1573 1124 1598 1.

232 1620 391 1667 joannes
411 1614 627 1655 Dominicus
642 1615 822 1654 Ricciardi
838 1613 1004 1666 laudatur
1024 1624 1105 1657 172.
1122 1625 1154 1648 2.
1182 1660 1188 1665 .

231 1670 390 1717 Joatmes
416 1665 611 1703 Matthaeus
634 1664 818 1702 Natronus
844 1664 1075 1703 Bibliothecae
1103 1662 1212 1699 Vati*

288 1728 387 1755 canae
398 1715 649 1754 Orientalium
670 1713 879 1762 linguarum
894 1713 1071 1760 interpres
1085 1709 1212 1748 lauda-

288 1777 349 1806 tur
361 1779 422 1814 42.
441 1778 471 1801 1.

232 1816 392 1868 joannes
409 1813 596 1853 Pastricius
617 1812 785 1854 laudatur
803 1825 885 1859 104.
900 1826 932 1853 2.

233 1870 395 1917 joannes
409 1864 535 1905 Petrus
548 1863 724 1903 Bellorius
737 1863 905 1902 laudatur
923 1864 1001 1904 169.
1017 1872 1049 1898 2.

238 1917 438 1965 &joannes
451 1915 665 1961 Theologus
681 1913 774 1961 apud
786 1912 930 1951 Graecos
943 1910 1042 1950 idem
1056 1920 1099 1948 ac
1117 1906 1216 1959 apud

290 1966 443 2006 Latitaos
459 1965 688 2011 Evangelista
704 1978 757 2010 37.
779 1977 809 2001 1.

239 2018 274 2058 S.
290 2016 440 2065 joannis
464 2016 624 2065 Baptistae
654 2022 755 2052 ortus
784 2014 828 2051 ab
854 2012 1007 2060 Angelo
1029 2007 1215 2064 Zachariae

288 2066 528 2105 denunciatus
550 2065 586 2102 in
603 2076 686 2101 arcu
713 2063 747 2102 S.
762 2063 889 2102 Mariae
914 2061 1067 2108 Majoris
1079 2058 1218 2108 expres-

291 2116 349 2155 sus
370 2121 451 2154 206.
468 2130 500 2156 2.

234 2166 369 2216 joseph
386 2165 501 2202 Maria
515 2162 736 2204 Thomafius
751 2161 921 2201 laudatur
940 2172 998 2199 21.
1015 2171 1048 2197 ²·-

234 2217 370 2266 Joseph
387 2213 546 2259 ,pontina
566 2212 734 2252 nudatur
761 2223 841 2253 205.
866 2225 898 2248 1.

237 2267 345 2316 josue
366 2277 452 2303 cum
467 2262 706 2302 Aenalechsstis
725 2275 844 2312 pugna
859 2275 940 2309 ²19·
959 2275 991 2297 2.

345 2315 394 2353 Ex
416 2324 594 2362 praecepto
617 2313 725 2353 solvit
748 2313 810 2351 fibi
838 2313 1090 2352 calceamenta
1120 2309 1216 2350 sua-³

299 2379 379 2407 223.
397 2377 427 2402 1·

345 2417 386 2453 In
403 2415 531 2453 locum
544 2412 728 2452 demortui
744 2413 860 2452 Mofis
873 2408 1040 2450 suffestus
1058 2423 1141 2448 222.
1161 2421 1193 2450 ¹.

345 2465 472 2503 Solem
488 2465 577 2501 stare
591 2466 692 2509 jubet
718 2477 798 2511 ²23·
819 2478 851 2501 2.

239 2517 343 2567 Jovis
355 2512 558 2561 Capitolini
576 2525 669 2552 areae
683 2513 961 2553 substruftiones
983 2523 1028 2550 ex
1044 2510 1222 2561 lapidibus

295 2563 480 2617 quadratis
494 2565 551 2600 66.
572 2577 602 2600 2.

245 2616 309 2655 iris
330 2613 511 2655 coloribus
525 2611 681 2662 express'a
696 2622 799 2653 retro
818 2611 1016 2652 Salvatoris
1033 2621 1142 2662 caput
1154 2611 1224 2652 im,

297 2665 514 2704 summitate
532 2674 634 2702 arcus
648 2664 805 2703 Bafilicae
819 2662 852 2700 S.
870 2663 971 2702 Pauli
987 2677 1068 2712 230.
1088 2675 1119 2701 ι.

250 2713 313 2751 lsai
329 2714 437 2763 patris
456 2711 581 2751 David
595 2712 829 2760 sepulchrum
849 2717 929 2761 165.
949 2727 980 2750 2.

247 2763 341 2801 Isaiae
356 2764 541 2811 Prophetae
564 2766 734 2802 tumulus
759 2768 838 2811 165.
856 2778 890 2802 2.

247 2813 346 2853 isidis
359 2813 480 2850 fabula
498 2818 553 2853 58-
575 2826 604 2848 2.

350 2861 494 2900 Eadem
516 2873 554 2899 ac
576 2861 679 2900 Luna
693 2892 705 2909 ‚
732 2861 820 2901 ibid.

350 2912 592 2950 Simulacrum
619 2912 764 2960 qumdo
776 2912 946 2951 eversum
962 2926 1022 2962 34·
1040 2928 1071 2953 2.

352 2960 427 3001 Ubi
443 2956 614 2997 effossum
629 2989 640 3006 ‚
655 2962 791 3000 ibidem
805 2990 813 2999 .

250 3014 348 3053 Isidis
367 3041 379 3058 ‚
415 3011 452 3049 ὃς
481 3008 654 3057 Serapidis
683 3011 885 3059 Templum
916 3012 1007 3050 olim
1032 3022 1110 3051 erat
1129 3041 1141 3059 ‚
1169 3010 1229 3049 ubi

301 3074 398 3101 nunc
417 3059 574 3098 Ecclesia
586 3058 619 3096 S.
635 3059 759 3098 Mariae
774 3062 879 3108 supra
894 3061 1106 3102 Minervam
1121 3073 1179 3111 34.
1198 3075 1231 3099 2.

245 3114 265 3162 J
271 3112 362 3153 udaei
382 3112 512 3151 velato
526 3108 644 3158 capite
659 3119 764 3150 orant
788 3124 804 3146 2
811 3125 826 3158 3
837 3124 867 3148 2,
882 3123 906 3149 1.

1254 246 1642 302 RERUM

1738 313 1825 405 K

1356 463 1505 502 Alendae
1517 463 1671 510 Ianuarii
1686 464 1806 512 potius
1825 463 2004 505 Cavendae
2027 463 2228 514 antiquitus

1378 512 1541 557 dicendae
1555 521 1745 552 erant162.
1763 527 1786 554 ι.

1364 564 1538 602 Celebres
1553 563 1646 611 apud
1661 563 1828 604 Gentiles
1838 592 1851 610 ,
1867 561 2002 602 ibidem
2014 591 2023 601 .

1262 613 1604 664 KalendisJauuarii
1620 614 1721 663 prisci
1734 613 1862 655 fideles
1872 615 2087 660 jejunabant
2101 617 2178 653 162.
2197 628 2234 654 2.

1711 716 1789 806 L

1352 862 1476 951 Igstfj‘a
1491 863 1542 901 est
1557 873 1712 912 gamma
1725 873 1889 911 graecum
1911 861 2098 902 inversum
2111 875 2186 902 100.
2201 880 2234 905 2.

1367 923 1404 952 Οἱ.
1432 926 1453 952 C
1481 942 1490 951 .

1263 962 1419 1011 Lampas
1433 927 1580 1004 agcensa
1597 964 1635 1002 in
1648 972 1762 1001 manu
1775 959 1937 1008 VirginiS
1950 961 2038 1012 quid
2054 962 2233 1011 significet

1313 1027 1369 1060 27·
1384 1026 1410 1052 1.
1431 1027 1465 1051 2.

1258 1062 1463 1110 Lampados
1476 1064 1573 1103 inter
1587 1061 1808 1110 Principatus
1822 1059 1970 1107 insignia
1986 1073 2237 1102 connumera-

1312 1114 1456 1162 bantur,
1467 1125 1510 1152 ac
1522 1111 1806 1161 Imperatoribus
1816 1111 2096 1159 praeferebantur
2112 1125 2128 1148 2
2137 1126 2153 1154 3
2161 1125 2194 1150 ο.
2202 1126 2234 1152 z.

1363 1163 1404 1202 In
1422 1163 1534 1211 portis
1548 1163 1757 1202 Civitatum
1771 1160 1857 1210 quid
1867 1159 2047 1200 denotent
2065 1174 2138 1206 190.
2155 1173 2184 1200 1.

1262 1217 1380 1253 Lance
1394 1212 1570 1262 spezzate
1583 1214 1645 1263 qui
1658 1212 1726 1251 fint
1741 1224 1818 1249 120.
1834 1225 1866 1248 2.

1261 1263 1454 1312 Lapidatio
1474 1264 1608 1303 Achou
1625 1275 1706 1304 221.
1723 1275 1756 1300 2.

1260 1313 1412 1362 Lapides
1426 1312 1625 1351 duodecim
1638 1340 1649 1357 ,
1659 1313 1680 1349 ὲ
1693 1309 1974 1357 medioJordani
1990 1310 2094 1358 petiti
2116 1324 2197 1348 222.
2211 1323 2235 1349 ι.

1260 1362 1454 1411 Lapidibus
1481 1360 1665 1411 quadratis
1689 1359 1886 1408 antiquitus
1919 1359 2064 1398 moenia
2096 1361 2232 1404 fiebant

1309 1414 1404 1459 641.

1260 1472 1306 1499 ex
1323 1457 1514 1507 LapIdibus
1525 1458 1709 1508 quadratis
1730 1457 1869 1498 Cloaca
1890 1458 2052 1498 maxima
2066 1461 2127 1500 66.
2148 1470 2173 1496 ι.

1362 1509 1400 1547 Α
1413 1520 1485 1557 quo
1499 1510 1699 1548 consti-urta
1714 1538 1726 1556 ‚
1750 1506 1836 1546 ibid.

1264 1557 1444 1605 Lapidum
1457 1557 1652 1606 proprietas
1667 1559 1763 1599 circa
1778 1557 1952 1601 duritiem
1965 1568 1998 1601 5.
2013 1568 2038 1594 ι.

1263 1606 1369 1656 Lapis
1386 1608 1548 1645 Albanus
1569 1619 1599 1649 5.
1618 1621 1643 1645 1.

1362 1656 1521 1695 Gabinus
1543 1669 1613 1704 5¹·

1364 1709 1564 1756 Peperintcs
1591 1720 1620 1749 ς.
1640 1719 1663 1743 ι.

1264 1754 1510 1796 Lateranenlis
1527 1757 1630 1804 regio
1653 1758 1698 1796 ab
1712 1758 1872 1797 exercitu
1894 1753 2049 1798 Roberti
2072 1753 2273 1796 Guiscaraa

1315 1806 1351 1844 di
1363 1808 1487 1845 eversa
1506 1812 1586 1844 262.
1605 1821 1635 1845 2.

1202 1864 1205 1866 '
1266 1856 1441 1897 Lateritia
1464 1855 1614 1895 aedificia
1627 1858 1840 1905 perpulchra
1855 1859 1913 1902 69.
1933 1869 1968 1893 2.

1368 1906 1530 1952 Antiqua
1545 1907 1672 1945 Romae
1694 1906 1811 1947 adhuc
1828 1904 1986 1948 extantia
2005 1918 2062 1951 29.
2084 1918 2117 1942 2.
2173 1942 2175 1944 .

1267 1955 1488 1996 Lateritium
1504 1967 1594 2004 opus
1616 1969 1680 1995 cur
1699 1957 1955 2007 sumptuosum
1974 1969 2031 2002 70,
2047 1967 2080 1991 2.

1267 2005 1486 2046 Lateritium
1501 2005 1699 2045 tectorium
1716 2019 1806 2056 opus
1821 2008 1841 2045 ὲ
1851 2004 1991 2044 Graecia
2003 2006 2169 2045 Romam
2186 2002 2242 2040 al·

1320 2058 1440 2096 latum
1458 2084 1471 2103 ,
1493 2054 1532 2094 δέ
1552 2069 1625 2106 quo
1639 2065 1808 2106 tempore
1821 2061 1917 2099 69·1·

1270 2104 1447 2146 Laterum
1464 2106 1565 2153 copia
1578 2105 1729 2157 quando
1746 2107 1859 2152 coepit
1875 2112 1933 2144 6⁵3-
1950 2117 1978 2142 ι.
1995 2119 2030 2142 2·

1371 2155 1584 2194 Eorundem
1608 2154 1821 2196 differentiae
1840 2161 1895 2195 68.
1917 2170 1949 2193 2.

1271 2204 1412 2244 Laurea
1427 2205 1579 2244 Corona
1597 2209 1667 2244 ¹08.
1685 2221 1717 2244 2.

1271 2255 1487 2294 LaurentIus
1500 2255 1694 2304 Zaccagna
1709 2255 1875 2295 laudatur
1892 2267 1968 2303 174·
1982 2267 2009 2292 1.

1271 2304 1503 2354 Legatorum
1518 2304 1738 2353 AEthiopum
1752 2303 1925 2355 ingressus
1940 2307 1978 2342 in
1996 2303 2137 2342 Urbem
2153 2308 2243 2346 454·

1270 2353 1396 2403 Legile
1420 2366 1674 2394 marmoreum
1692 2368 1739 2393 21.
1759 2370 1782 2393 ι.

1270 2404 1304 2442 S.
1322 2406 1399 2444 Leo
1419 2405 1577 2453 Magnus
1604 2405 1729 2444 suadet
1750 2406 1863 2445 Gallae
1880 2402 2044 2443 Placidiae
2061 2430 2074 2449 ,
2099 2408 2143 2440 ut
2162 2409 2246 2436 mu-

1320 2457 1401 2494 fivo
1415 2467 1524 2502 opere
1538 2467 1665 2493 arcum
1686 2456 1846 2495 Ecclefiae
1858 2454 1995 2494 S.Pauli
2009 2460 2116 2491 ornet
2135 2463 2150 2485 2
2160 2460 2244 2492 ²9³·

1273 2506 1350 2545 Leo
1361 2504 1528 2542 Taurum
1553 2504 1730 2544 dilanians
1745 2506 1779 2545 in
1793 2506 1938 2545 Basilica
1950 2501 2127 2543 Siciniana
2147 2505 2204 2546 56.
2217 2511 2246 2535 1.

1273 2557 1415 2596 Leones
1433 2554 1470 2594 in
1483 2554 1554 2593 bafi
1567 2555 1728 2594 Obelisci
1743 2554 1914 2597 Vaticani
1928 2552 2128 2604 antiquitus
2142 2557 2245 2586 erant

1327 2619 1383 2648 32.
1401 2617 1424 2640 ι.

1374 2654 1454 2693 Cur
1467 2653 1616 2693 illorum
1633 2654 1797 2694 Fontana
1809 2654 2040 2694 Architeslus
2053 2679 2064 2696 ‚
2075 2654 2122 2704 ¹&
2137 2647 2245 2686 Mer-²

1327 2714 1429 2745 catus
1450 2703 1635 2743 historicus
1650 2717 1725 2743 non
1743 2704 2010 2752 meminerint,
2035 2698 2120 2741 ibid.
2138 2711 2171 2735 2·
2229 2709 2231 2711 ’

1377 2755 1417 2793 In
1431 2752 1720 2801 Fontibus31.1.
2124 2796 2131 2803 ,

1373 2805 1415 2843 Iu
1436 2806 1542 2850 janua
1558 2804 1724 2844 Ecclefiae
1736 2803 1949 2852 §.joannis
1973 2801 2012 2840 Sc
2031 2797 2132 2836 Pauli
2144 2810 2240 2845 33·²·

1374 2851 1587 2892 Eorundem
1602 2853 1794 2903 descriptio
1805 2882 1817 2901 ,
1844 2853 1926 2893 ibid·
2158 2895 2166 2902 ,
2220 2894 2229 2902 ,

1377 2905 1418 2942 In
1440 2906 1549 2950 janua
1573 2903 1738 2944 Ecclefiae
1762 2905 1800 2943 B.
1829 2901 1954 2942 Mariae
1981 2897 2247 2937 Purificatloffls

1354 2967 1393 3001 4.
1405 2967 1430 2992 i.

1330 2970 1345 3003 3
1382 3003 1421 3042 ln
1435 3004 1544 3049 janua
1558 3003 1722 3042 Ecclefiae
1745 3001 1780 3041 S.
1792 3000 1974 3040 Laurentii
1998 2999 2037 3038 in
2051 2998 2157 3046 Agro
2169 2995 2246 3035 Ve-

1334 3067 1421 3092 rano
1440 3066 1495 3099 29.
1515 3053 1598 3091 2&
1615 3066 1671 3095 33·
1686 3065 1709 3089 1.
2137 3094 2144 3101 ·

1377 3104 1521 3141 Eorum
1535 3102 1749 3151 symbolum
1762 3129 1773 3148 ‚
1802 3101 1841 3139 ὃε
1854 3097 2045 3146 descriptio
2058 3124 2070 3144 ‚
2100 3095 2188 3137 ibld.

1378 3153 1422 3191 In
1432 3154 1540 3198 janua
1551 3151 1584 3189 S.
1601 3151 1787 3189 Laurentii
1807 3151 1844 3190 in
1858 3150 1995 3190 Lucina
2008 3158 2067 3193 34.
2080 3156 2106 3181 ι·

1376 3203 1419 3241 In
1433 3203 1539 3246 janua
1554 3200 1767 3240 patriarchii
1783 3197 2035 3240 Lateranenfis
2051 3206 2110 3241 34-
2125 3204 2149 3232 ¹·

1374 3251 1437 3290 Ad
1451 3249 1559 3299 pedes
1574 3249 1748 3300 Capitolii
1767 3279 1781 3301 ,
1808 3250 1871 3290 ubi
1886 3246 2083 3299 antiquitus
2105 3245 2246 3285 stabant

1325 3313 1383 3349 34·
1395 3313 1418 3339 ¹·

1459 3356 1466 3362 ·
2104 3343 2247 3386 Leones
