2425 3747
319 317 419 365 18⁶*

492 452 623 509 CA
658 448 693 496 P
730 447 781 501 U
822 445 868 496 T
944 448 1112 499 XXI.

317 593 389 646 De
404 589 611 658 Mustw's
638 590 828 653 operibus
848 623 865 645 ‚
899 594 947 637 in
967 585 1151 654 Ecclcfia
1174 586 1209 636 S
1211 603 1286 634 an-

341 662 416 710 221ae
431 660 600 711 Sabinae
615 663 639 707 ἃ
656 662 885 713 ξιτίεὲἳίηο
899 659 937 709 Ι.
950 657 1120 709 Summo
1137 659 1248 709 Pon-

370 734 487 800 tifice
503 746 610 776 anno
625 735 798 781 circiter
812 749 930 795 424.
948 729 1225 791 conflruffiss

468 810 523 851 Ο
541 799 592 849 de
608 803 793 869 ejusdem
812 800 998 869 Ecclffiae
1014 803 1131 848 auti·

604 888 684 940 qua
687 870 953 940 fundatione
971 906 982 916 .

490 1013 543 1066 U
559 1030 580 1061 L
595 1030 622 1061 T
636 1030 662 1060 A
690 1013 885 1079 quidem
907 1007 1132 1058 beneficia
1149 1003 1287 1057 debe·-

312 1015 473 1153 M
513 1101 667 1134 remus
687 1083 928 1151 tempori,
964 1084 990 1129 a
1013 1097 1107 1146 quo
1134 1080 1284 1125 maxi-

307 1179 442 1208 mum
478 1156 614 1206 rebus
650 1157 885 1222 pretium,
920 1144 1285 1215 hominibusque

307 1249 486 1279 nomen
515 1225 699 1276 accedit
717 1262 731 1284 ,
765 1221 851 1273 nisi
875 1224 1008 1291 plura
1039 1237 1098 1268 ex
1124 1218 1194 1266 his
1215 1220 1287 1265 in-

305 1299 478 1364 juriosa
507 1299 648 1345 nimis
668 1297 901 1345 edacitate
925 1303 1252 1356 corrumperet
1266 1325 1284 1347 ,

307 1374 357 1422 δε
377 1370 640 1419 absumeret
660 1403 671 1414 .
702 1365 888 1416 Fertilis
908 1363 997 1411 aevi
1015 1358 1194 1408 fruetus
1212 1360 1282 1407 hi·

306 1442 456 1491 storiae
488 1439 595 1487 sunt
625 1473 640 1494 ,
675 1435 847 1505 quibus
883 1429 1095 1502 profecto
1132 1430 1281 1496 nequ&

306 1514 472 1560 utilius
492 1509 608 1577 quid
623 1505 747 1557 soret
762 1543 778 1565 ,
803 1504 839 1554 fi
869 1503 930 1552 ad
944 1521 1027 1551 nos
1045 1502 1215 1569 integri
1233 1501 1284 1549 ὃς

307 1583 569 1630 incolumes
590 1579 896 1646 pervenirent
911 1610 922 1621 .
941 1579 1012 1622 At
1027 1572 1153 1620 malo
1174 1587 1284 1636 quo-

306 1653 418 1701 dam
439 1651 583 1699 aetatis
601 1651 746 1715 genio
765 1645 818 1693 fit
833 1680 849 1701 ,
872 1658 926 1691 ut
947 1657 1140 1709 quaeque
1165 1642 1283 1686 anti-

304 1724 471 1789 quiora
497 1719 584 1766 cali
593 1720 700 1785 gine
731 1711 1012 1784 perobscura
1032 1710 1282 1759 involvan-

306 1807 384 1839 tur
403 1827 419 1849 ,
455 1793 481 1839 ὲ
499 1806 587 1855 qua
614 1787 783 1836 eadem
811 1785 960 1850 neque
984 1779 1186 1850 provida
1203 1795 1284 1826 cu·

303 1880 352 1911 ra
373 1862 672 1929 Scriptorum
693 1893 709 1916 ,
748 1872 834 1905 nec
858 1851 1111 1921 vigilantia
1139 1866 1289 1916 nepo·

305 1948 408 1981 tum
427 1968 443 1990 ‚
469 1930 681 1980 eximere
715 1929 765 1978 δε
795 1925 1019 1995 expedire
1052 1921 1288 1968 ullatenus

306 2002 456 2066 potest
476 2036 486 2047 .
526 1999 672 2048 Porro
703 1999 782 2046 has
801 1992 1041 2049 tenebras,
1066 2003 1120 2039 ut
1146 1991 1194 2035 in
1218 2003 1286 2039 to-

306 2067 351 2121 {a
377 2072 437 2121 de
467 2069 672 2119 Musivis
702 2065 957 2137 operibus,
993 2062 1147 2128 deque
1181 2076 1284 2109 ere-

302 2139 541 2193 &ionibus
556 2137 871 2189 Ecclesiarum
890 2133 1192 2187 trac‘tatione,
1208 2146 1285 2198 pe·-

304 2213 542 2262 culiariter
562 2213 608 2259 in
630 2207 845 2279 praesenti
864 2202 1067 2254 Ecclesia
1088 2205 1132 2249 S.
1152 2201 1284 2248 Sabi-

301 2302 370 2332 nae
391 2284 665 2350 experimur
682 2317 692 2327 .
732 2280 872 2330 Vitio
893 2277 1073 2327 etenim
1096 2269 1283 2320 saeculo-

305 2372 412 2403 rum
446 2355 496 2404 &
526 2355 586 2403 de
616 2349 867 2400 fundatore
896 2345 1158 2413 ambigitur
1177 2377 1193 2400 ,
1229 2344 1280 2392 &

303 2425 362 2474 de
381 2423 603 2492 operibus
628 2420 954 2472 vermiculatis
970 2454 986 2476 ,
1013 2412 1182 2484 quibus
1202 2430 1285 2463 un.

304 2495 550 2563 dequaque
571 2492 858 2550 ornabatur,
887 2488 1007 2537 nihil
1034 2482 1168 2536 nobis
1196 2486 1282 2542 nifi

304 2579 448 2615 tenue
482 2564 774 2633 vestigium,
807 2564 857 2612 ὃ(
885 2557 1065 2629 grande
1096 2553 1281 2612 deside-

305 2637 431 2683 rium
460 2636 683 2687 relictum
700 2632 796 2694 est3
825 2629 953 2699 quod
972 2628 1053 2677 vel
1072 2626 1282 2694 explebi-

305 2717 382 2752 tur
398 2741 414 2762 ,
429 2708 507 2755 vel
529 2708 819 2757 incrementa
835 2699 1056 2768 suscipiet
1070 2734 1086 2758 ,
1111 2695 1145 2745 fi
1164 2719 1281 2769 Ρη.

304 2772 449 2824 miffis
469 2776 704 2843 aliquibus
730 2775 857 2823 circa
881 2771 1052 2838 templi
1071 2771 1285 2835 hujusce·-

303 2845 438 2894 modi
468 2845 799 2894 fundationem
818 2880 834 2903 ,
865 2840 1174 2892 Mufivorum
1209 2861 1283 2894 re-

304 2918 472 2983 liquias
489 2915 778 2986 proposuero
792 2951 807 2973 ‚
828 2916 878 2965 &
893 2910 1103 2963 conabor
1120 2913 1282 2982 aliquo

303 2987 451 3035 modo
485 2988 752 3054 explicare.
790 2985 1054 3032 Marlianus
1082 2985 1130 3030 in
1165 2983 1286 3033 suad

304 3056 606 3127 Topograplyia
636 3055 778 3108 Urbis
797 3055 940 3104 Romae
966 3050 1047 3099 lib.
1067 3071 1114 3115 4.
1129 3071 1284 3122 cap.4,

306 3131 518 3196 Appiani
539 3127 824 3176 auctoritate
850 3121 1073 3168 subnixus
1103 3119 1284 3182 asserit,

305 3204 453 3247 aedem
487 3201 530 3247 S.
551 3197 733 3246 Sabinae
766 3210 890 3240 nunc
913 3188 1029 3246 esse,
1057 3189 1139 3238 ubi
1166 3194 1286 3241 olim

302 3265 394 3316 suit
426 3271 590 3317 Dianae
621 3264 885 3333 templum.
920 3264 1102 3310 Contra
1127 3274 1284 3311 tamen

310 3343 526 3389 Donatus
565 3340 612 3388 in
644 3337 723 3385 sua
757 3335 896 3386 Roma
930 3332 1085 3382 veteri
1120 3329 1202 3380 lib.
1236 3347 1281 3391 3.

710 305 1144 364 VETERA
1215 303 1917 358 MONIMENTA

1340 394 1442 444 cap.
1476 390 1551 434 13.
1578 374 1815 425 existimat
1832 412 1849 435 ,
1886 393 1980 425 non
2010 377 2171 426 Dianae
2188 412 2206 435 ‚
2231 376 2312 428 sed

1340 444 1499 496 Desim
1521 448 1714 513 Reginae
1727 449 1934 517 Junonis
1955 451 2137 496 Fanum
2154 446 2220 495 ibi
2237 467 2314 496 ex-

1337 511 1479 565 titiffe
1495 551 1506 562 .
1536 517 1807 566 Pancirolus
1823 516 1939 567 vero
1957 519 2006 566 in
2023 518 2104 566 luo
2121 518 2313 566 Tracta-

1338 602 1391 636 tu
1425 587 1495 636 Dc
1513 586 1655 639 Urbis
1670 587 1894 657 Ecclefiis‚
1925 589 1975 635 in
2005 591 2098 640 IX.
2133 591 2311 656 Regio-

1336 676 1421 717 ne,
1453 674 1554 724 cap.
1575 657 1888 708 8-Eccleiiarn
1908 661 1951 706 S.
1973 657 2152 707 Sabinae
2183 658 2314 706 Pala-

1336 730 1461 777 tium
1478 727 1692 792 ejusdem
1723 729 1844 776 olim
1867 724 2000 779 fuisse
2021 726 2278 777 arbitratur
2294 764 2313 789 ,

1336 797 1465 865 quod
1493 799 1541 845 in
1571 799 1857 850 oratorium
1889 801 1914 846 a
1934 798 2172 848 Fidelibus
2201 816 2312 849 ver-

1336 868 1441 916 sum
1467 863 1641 927 fuerit,
1670 870 1720 920 &
1751 871 1827 916 SS.
1844 866 2020 917 Sabinae
2042 870 2092 918 &
2112 871 2313 937 Serapiae

1338 945 1435 1002 ejus
1454 935 1625 1007 hospiti
1649 936 1911 996 sacratum,
1935 956 1987 987 ac
2009 937 2245 1005 postremo
2262 941 2312 987 in

1339 1006 1598 1058 Ecclesiam
1633 1012 1659 1058 a
1686 1013 1869 1077 Magno
1899 1007 2211 1058 Constantino
2241 1025 2313 1058 re-

1339 1081 1533 1130 daRum
1551 1102 1562 1130 :
1594 1078 1764 1129 verum
1783 1083 1850 1127 hae
1867 1095 2008 1128 merae
2026 1076 2134 1126 sunt
2155 1083 2313 1143 conje-

1337 1152 1479 1200 ‹Pturae
1500 1186 1512 1197 .
1541 1153 1680 1200 Certi
1699 1149 1858 1201 nescio
1884 1148 2001 1216 quid
2020 1149 2199 1198 indicat
2225 1152 2314 1199 im,

1337 1221 1504 1272 eadem
1539 1219 1742 1270 Ecclesia
1781 1217 2027 1287 inscriptio
2060 1221 2311 1287 quaedam,

1337 1289 1625 1360 palmaribus
1643 1292 1792 1340 literis
1816 1288 2123 1340 fundatorem
2147 1287 2314 1342 fuisse„

1336 1359 1528 1410 afferens
1544 1363 1737 1411 Petrum
1754 1362 1944 1410 natione
1965 1361 2246 1426 Illyricum,
2262 1363 2314 1412 ὃς

1334 1431 1475 1499 ipsius
1494 1432 1802 1481 Cardinalem
1819 1432 2093 1480 Titularem
2113 1466 2131 1490 ‚
2168 1449 2315 1497 quam

1335 1501 1410 1551 hic
1443 1499 1645 1553 fideliter
1673 1503 1817 1551 retuli
1842 1537 1860 1560 ,
1895 1519 1947 1550 ac
1981 1503 2128 1550 etiarn
2156 1503 2206 1547 in
2232 1519 2314 1547 an·-

1335 1589 1458 1622 nexo
1486 1572 1679 1638 pisturae
1698 1573 1992 1639 exemplari,
2022 1569 2103 1618 ubi
2126 1572 2314 1621 etiam-2

1336 1642 1625 1692 characteres
1650 1644 1863 1689 imitatus
1893 1640 2023 1690 sum.
2055 1639 2313 1708 Inscriptio

1337 1715 1432 1763 haec
1462 1709 1529 1759 est
1544 1734 1557 1761 :

1406 1783 1588 1835 Culmen
1613 1781 1915 1849 Apostolicum
1941 1787 2035 1833 ciam
2051 1782 2090 1833 C
2093 1779 2315 1832 oeles'linus

1479 1852 1654 1903 haberet
1668 1890 1684 1911 ,

1408 1925 1586 1978 Primus
1612 1933 1668 1975 Φ·
1694 1929 1744 1974 iu
1771 1936 1859 1970 toto
1873 1919 2073 1992 fitlgeret
2088 1918 2315 1992 Episcopus

1485 1993 1603 2045 Orbe
1617 2030 1634 2052 ,

1406 2064 1508 2118 Haec
1535 2084 1619 2133 quae
1640 2068 1817 2115 miraris
1832 2057 2061 2130 fundavit
2087 2061 2318 2131 Presbyter}

1484 2135 1626 2190 Urbis
1639 2171 1656 2194 ‚

1405 2206 1586 2278 Ῑίζγνίεα
1602 2206 1654 2256 de
1665 2223 1793 2279 gente
1809 2206 1965 2258 Petrus
1978 2238 1996 2261 ‚
2030 2208 2116 2253 vir
2143 2209 2315 2254 nomine

1472 2294 1594 2328 tanto

1401 2350 1578 2419 Dignus
1589 2384 1606 2407 ‚
1624 2347 1676 2397 ab
1692 2363 1842 2398 exortu
1857 2346 1896 2398 C
1896 2343 2036 2394 bristi
2054 2348 2244 2393 nutritus
2261 2349 2313 2393 in

1476 2421 1605 2470 aula:

1403 2488 1665 2558 Pauperibus
1678 2487 1862 2554 locuples
1876 2520 1893 2543 ‚
1913 2483 2008 2553 fibi
2012 2499 2178 2551 pauper
2192 2520 2209 2542 ‚
2239 2488 2315 2552 qui

1475 2561 1584 2610 bona
1608 2564 1720 2611 ‘vitae

1404 2625 1847 2701 Praesbntisfhgiens,
1879 2630 2036 2676 meruit
2041 2625 2216 2694 sperare
2227 2623 2314 2693 fu-

1476 2717 1616 2751 turam
1635 2736 1647 2748 .

1405 2773 1546 2822 Hanc
1561 2767 1820 2820 Ecclesiam
1843 2770 1870 2818 ὲ
1886 2764 2156 2834 Γαρτειάἰξὶο
2175 2765 2315 2813 Petro

1333 2840 1582 2892 fundatam
1596 2837 1729 2890 fuisse
1748 2839 1954 2905 legimus
1974 2836 2162 2903 quoque
2181 2837 2227 2882 in
2243 2835 2317 2881 Li-

1337 2914 1421 2963 bro
1444 2909 1709 2962 Pontificali
1720 2944 1738 2968 ,
1757 2907 1837 2956 sed
1856 2909 1903 2954 in
1916 2908 2034 2957 Vita
2053 2905 2200 2974 Xysti
2217 2907 2315 2952 ΙΙΙ.

1337 2984 1421 3032 ubi
1447 2980 1538 3033 fic:
1572 2981 1720 3047 Hujus
1745 2976 2000 3044 temporibus
2012 2975 2131 3046 ficit
2160 2975 2316 3025 Petrus

1337 3051 1564 3122 Episcopus
1584 3049 1814 3119 Bcfilicam
1841 3055 1890 3099 in
1911 3047 2032 3101 Urbe
2048 3049 2096 3098 S.
2113 3047 2147 3097 S
2150 3044 2283 3094 abinae
2296 3079 2315 3103 ,

1335 3125 1409 3174 ubi
1432 3120 1667 3190 &fontem
1683 3118 1959 3171 conHruxit.

1408 3197 1466 3242 In
1484 3194 1569 3240 hac
1595 3205 1758 3240 autem
1782 3188 2014 3240 Historici
2044 3185 2313 3235 narratione

1338 3261 1516 3331 duplex
1551 3278 1684 3312 error
1719 3258 2171 3310 animadvertendus
2207 3252 2274 3303 est
2299 3290 2312 3302 .

1336 3332 1520 3385 Primus
1535 3368 1554 3394 ,
1591 3330 1705 3383 cum
1731 3330 1881 3402 Xysti
1903 3332 1998 3382 ΙΙΙ.
2018 3323 2313 3444 temporcilbltqis

2161 3415 2197 3446 ε
2289 3420 2308 3431 .
