2425 3747
296 243 401 288 ¹150

298 298 390 345 rias
425 297 707 349 construelas
740 293 873 345 fuiss'e
909 291 1234 361 cognoscimus
1257 330 1268 341 .

371 369 502 417 Hinc
538 366 887 417 advertendum
910 399 927 421 ,
963 381 1057 411 non
1085 360 1270 431 semper

300 437 474 491 eodem
504 438 610 486 aestu
637 439 684 484 in
701 434 991 485 Christianos
1010 430 1270 483 efferbuisse

297 507 634 576 improborum
657 502 896 556 Caesarum
916 505 1063 565 iram3
1082 501 1162 553 sed
1182 506 1270 551 im-

300 591 437 648 petus
466 573 621 645 primo
651 574 848 642 quidem
875 572 1240 634 violentiffimos
1255 610 1270 632 ,

301 647 461 718 postea
493 646 789 715 pedetentim
810 640 1064 713 elanguisse
1082 681 1098 703 ,
1124 645 1273 694 donec

300 715 488 786 penitus
518 714 855 765 evanescerent
885 751 895 762 .
935 714 1145 782 Ideoque
1179 713 1273 781 quo

296 788 436 838 :furor
475 786 830 854 persecutorum
871 782 1103 834 remiffior
1138 798 1272 844 erat,

300 859 361 909 eo
381 855 616 906 fervidior
634 856 761 924 apud
780 852 957 904 nostros
975 852 1271 904 consuetudo

303 927 499 998 vigebat
520 924 713 974 sacratas
732 925 850 974 aedes
867 925 1105 983 adeundi,
1130 926 1181 975 ἃ.
1200 943 1274 974 eas

302 996 590 1052 fabricandi:
619 993 726 1044 cum
747 1009 846 1043 tota
867 995 1062 1043 illorum
1084 993 1277 1045 libertas

306 1089 365 1122 ex
390 1069 667 1134 Principum
683 1066 992 1114 conniventia
1006 1101 1023 1123 ,
1042 1066 1093 1116 ὃ(
1109 1066 1275 1114 huma-

303 1145 456 1191 nitate
483 1138 713 1206 penderet·
728 1172 738 1182 .
777 1138 896 1184 Haec
921 1149 1085 1185 autem
1105 1136 1163 1185 ab
1184 1154 1276 1184 una

302 1209 633 1281 persecutione
661 1205 719 1254 ad
737 1207 937 1255 alteram
954 1209 1184 1275 temporis
1208 1208 1277 1254 in-

305 1279 506 1331 tervalla
523 1313 539 1334 ,
570 1273 772 1325 insinuat
799 1274 915 1323 mihi
937 1312 952 1334 ,
989 1274 1278 1344 suadetque,

306 1349 437 1402 haud
462 1344 562 1394 sore
591 1347 757 1395 inutile
784 1343 990 1413 ipsarum
1006 1348 1281 1395 Chronicon

309 1420 387 1470 hie
407 1431 618 1466 attexere
638 1453 648 1463 .

408 1490 566 1535 Prima
598 1488 741 1554 igitur
776 1503 876 1553 quae
909 1487 957 1534 in
990 1485 1281 1537 Christianos

309 1558 578 1631 persecutio
606 1558 785 1612 iaeviit,
818 1554 900 1603 sub
936 1558 1130 1606 Nerone
1159 1559 1283 1606 exci-

308 1644 409 1678 tata
428 1625 667 1683 fuinarmo
688 1639 910 1692 reparatae
930 1623 1090 1675 salutis
1102 1632 1186 1677 68.
1203 1627 1284 1676 vel

309 1711 366 1748 ut
382 1698 536 1765 placet
557 1696 759 1741 Baronio
778 1702 863 1741 66'.

384 1761 598 1814 Secunda
625 1759 708 1809 sub
725 1762 1038 1820 Domitiano,
1061 1779 1184 1814 anno
1199 1780 1285 1823 97.

311 1836 398 1888 seu
415 1853 500 1898 92.
524 1839 657 1896 juxta
677 1834 938 1880 Baronium
958 1868 969 1880 .

386 1905 558 1955 Tertia
573 1900 656 1949 sub
671 1903 897 1965 Trajano,
913 1921 1034 1951 anno
1061 1910 1172 1954 108.
1187 1900 1286 1954 five

314 1994 436 2037 100.
470 1988 522 2020 ut
540 1974 767 2020 Baronius
788 1986 924 2020 notat
942 2009 952 2019 .

382 2048 567 2111 Qiarta
585 2040 667 2089 sub
680 2045 846 2090 Marco
863 2043 1113 2091 Antonino
1131 2044 1181 2093 &
1197 2043 1287 2089 Lu-

318 2117 392 2164 cio
411 2115 612 2162 Aurelio
630 2111 906 2160 Commodo
920 2147 935 2170 ,
954 2130 1075 2162 anno
1101 2118 1209 2163 168.
1229 2116 1286 2162 In

317 2183 421 2236 Afia
448 2181 560 2231 vero
579 2219 594 2241 ,
624 2183 740 2231 &in
759 2182 920 2229 Gallia
949 2192 1058 2246 164.

389 2254 573 2319 Qiinta
598 2249 680 2298 sub
707 2253 938 2319 Septimio
964 2255 1142 2302 Severo
1158 2290 1175 2311 ,
1204 2271 1284 2302 an-

319 2344 382 2375 no
408 2337 523 2379 203.
548 2323 628 2370 vel
648 2340 765 2370 202.

389 2395 529 2441 Sexta
559 2389 643 2439 sub
673 2393 976 2452 Maximino,
1013 2412 1135 2444 anno
1169 2411 1193 2442 2
1208 2399 1286 2452 38.

320 2479 403 2514 aut
429 2477 545 2522 237.

390 2534 604 2600 Septima
624 2529 706 2580 sub
726 2535 905 2591 Decio,
932 2551 1054 2584 anno
1076 2542 1194 2597 252.
1211 2532 1291 2583 seu

327 2623 351 2651 τι
364 2612 442 2665 56.
661 2634 664 2637 >

393 2676 580 2723 Offava
601 2672 684 2722 sub
700 2673 958 2722 Valeriano
973 2675 1022 2725 ὅ(
1040 2675 1289 2734 Gallieno,

323 2761 445 2793 anno
479 2761 594 2803 257.

393 2815 534 2860 Nona
563 2810 646 2860 sub
676 2815 938 2864 Aureliano
958 2850 975 2873 ‚
1012 2832 1134 2865 anno
1173 2832 1289 2878 275.

322 2899 381 2933 ex
411 2884 612 2931 Baronio
636 2899 750 2941 273.

394 2954 595 3001 Decima
617 2950 699 2998 sub
721 2955 1052 3014 Diocletiano,
1080 2974 1153 3004 an.
1174 2970 1289 3019 304.

322 3022 404 3072 vel
426 3037 539 3079 301.
573 3034 627 3069 ut
648 3023 849 3069 Baronio
879 3024 1034 3071 visum
1057 3024 1146 3073 est.

349 3103 352 3106 ⁴
397 3089 709 3141 Disseruimus
727 3091 946 3140 hastenus
964 3095 1021 3142 de
1040 3092 1256 3144 Ecclesiis
1273 3131 1290 3153 ,

322 3162 372 3211 ὃῑ
407 3159 775 3210 habitationibus
807 3164 932 3228 apud
963 3166 1289 3221 Coemeteria,

323 3249 376 3278 ac
401 3232 451 3281 ὃς
475 3232 533 3282 de
558 3229 772 3301 ipsorum
793 3234 1199 3282 Coemeteriorum
1225 3233 1291 3282 as·

712 213 1153 281 VETER'A
1223 221 1915 277 MONIMENTA

1324 296 1553 362 peritate,
1582 296 1633 345 ὅ(
1660 296 1854 343 horrore
1870 314 1886 354 ;
1916 286 2121 360 superest
2145 295 2291 346 modo

1324 377 1377 412 ut
1404 364 1560 429 aliqua
1588 364 1646 413 de
1676 360 1852 413 accessu
1880 362 2121 412 Fidelium
2140 366 2196 414 ad
2218 366 2288 413 inss

1324 436 1442 482 tima
1471 434 1666 483 illorum
1693 434 1953 503 penetralia
1982 430 2130 482 verba
2147 433 2314 483 facia-»

1326 521 1432 552 mus
1448 538 1458 549 .

1395 576 1619 622 Faternur
1636 577 1835 643 utique3
1862 574 2087 623 natalitiis
2107 575 2298 624 &msto-

1327 661 1433 693 rum
1451 647 1736 712 Martyrum
1761 643 1927 695 diebus
1956 642 2132 695 Christi
2158 644 2296 694 Fide-

1328 717 1393 764 les
1416 716 1654 782 gregatim
1678 715 1931 781 Sepulchra
1947 749 1964 773 ,
1986 716 2038 766 δε
2052 717 2298 764 Coemete-

1327 787 1395 834 ria
1422 783 1579 833 subire
1607 780 1930 841 consuevisse,
1958 799 2012 833 ut
2030 785 2298 836 eorundem

1327 854 1608 904 Sanstorum
1624 857 1913 922 Martyrum
1932 857 2127 904 exuvias
2158 873 2306 907 vene«v

1327 938 1545 975 rarentur
1562 960 1579 982 ,
1610 923 1772 993 ibique
1803 925 2012 973 orationi
2043 941 2265 976 vacarent
2285 965 2297 976 .

1329 992 1597 1046 Confirmat
1632 995 1720 1044 hoc
1762 997 1972 1043 immane
2015 997 2299 1047 Numeriani

1330 1064 1522 1118 Caesaris
1538 1062 1718 1114 facinus
1735 1062 1818 1114 sub
1834 1083 1941 1113 ann.
1961 1069 2075 1130 284.
2095 1066 2172 1115 cui
2189 1064 2300 1118 cum

1329 1136 1386 1186 ab
1411 1134 1768 1204 explorantibus
1795 1137 2131 1185 renunciatum
2158 1134 2304 1198 effet‚‘

1330 1209 1604 1256 innumeros
1628 1207 1748 1275 pene
1780 1206 2068 1256 Christianos
2099 1208 2148 1255 in
2168 1207 2303 1275 quas-

1332 1279 1442 1327 dam
1469 1274 1660 1345 specus·,
1696 1277 1776 1325 vel
1805 1291 2000 1345 cryptas
2037 1277 2306 1346 promiscue

1332 1344 1597 1397 convenisse
1613 1383 1630 1405 ‚
1659 1345 1845 1395 aditum
1865 1347 1998 1396 illico
2015 1348 2203 1399 occludi
2219 1385 2236 1407 ,
2254 1351 2307 1401 &

1333 1419 1488 1482 objice
1506 1417 1662 1466 multo
1682 1418 1867 1465 muniri
1886 1414 2014 1480 juffit
2026 1452 2044 1475 ‚
2070 1419 2127 1468 ne}
2146 1419 2304 1487 aliqua

1333 1507 1394 1539 ex
1427 1502 1559 1557 parte
1591 1483 1823 1557 effugium
1856 1500 2068 1555 pateret;
2104 1485 2307 1559 desuper

1336 1559 1454 1608 vero
1480 1557 1684 1621 disjestis
1714 1576 1767 1605 ac
1800 1556 2047 1606 demolitis
2073 1558 2270 1627 rupibus
2286 1568 2308 1620 ,“

1337 1646 1438 1695 quae
1455 1624 1682 1696 specubus
1702 1626 2055 1695 prominebant,
2066 1627 2206 1676 obrui
2221 1642 2313 1680 tere

1338 1697 1388 1745 ra
1401 1732 1418 1754 ,
1445 1695 1773 1763 lapidibusque
1793 1698 2053 1765 imperavit
2068 1732 2079 1743 .
2109 1698 2309 1750 Constat

1337 1767 1427 1815 hoc
1455 1783 1514 1815 ex
1544 1766 1682 1814 Astis
1708 1768 1784 1814 SS.
1815 1764 2107 1834 Chrysanti,
2134 1770 2184 1819 &
2208 1774 2306 1819 Da-

1339 1838 1434 1894 riae,
1447 1837 1498 1887 &
1519 1837 1562 1884 S·
1580 1836 1804 1893 Diodori,
1824 1836 1980 1885 relatis
1995 1837 2054 1885 ab
2069 1840 2310 1908 Aringhio

1339 1909 1387 1954 in
1406 1905 1484 1953 sua
1499 1908 1638 1958 Roma
1653 1906 1688 1955 S
1689 1905 1941 1956 ubterranea
1957 1921 2072 1955 tom.
2102 1926 2142 1956 1.
2159 1909 2242 1957 lib.
2264 1929 2307 1959 1.

1339 1993 1439 2043 cap.
1477 1990 1500 2034 3
1516 1996 1555 2024 1.
1589 1993 1691 2043 pag.
1733 1993 1843 2035 ¹77·
1885 1976 1967 2025 ubi
1995 1977 2089 2025 haec
2116 1998 2127 2025 :
2166 1978 2313 2048 Igitur

1337 2050 1430 2095 ciam
1451 2048 1584 2097 multa
1597 2047 1802 2114 beneficia
1816 2046 1935 2097 Deus
1951 2048 2234 2100 venientibus
2249 2049 2317 2100 ad

1338 2136 1474 2166 eorum
1481 2119 1707 2186 sepulchra
1714 2117 1968 2182 praefz'aret,
1999 2123 2154 2169 evenit
2170 2138 2218 2170 ut
2235 2121 2310 2172 die

1339 2190 1500 2237 natalis
1531 2207 1669 2236 eornm
1702 2191 1883 2256 infinita
1900 2193 2051 2255 populi
2076 2191 2307 2240 multitudo

1338 2262 1593 2307 conveniret
1606 2293 1622 2314 2
1651 2258 1920 2326 virzsimul,
1944 2263 2000 2309 (9¹
2019 2264 2214 2311 mulieres
2220 2276 2307 2326 pa·-

1339 2334 1448 2377 riter
1463 2363 1479 2385 ,
1506 2332 1561 2378 &⁵
1586 2326 1806 2394 infhntes,
1838 2335 1893 2378 (9⁴
1924 2334 2110 2397 innziptae
2126 2334 2277 2396 puellae
2290 2344 2309 2391 ,‘

1340 2402 1395 2450 (θ’
1398 2404 1594 2464 juvenes
1612 2433 1622 2442 .
1653 2398 1744 2448 Hoc
1767 2397 2022 2468 citmfitiſjet
2038 2401 2306 2454 Numeriani

1342 2468 1511 2519 auribus
1530 2471 1778 2517 intimatum
1794 2502 1811 2525 ‚
1820 2470 1950 2536 juſjit
1966 2475 2077 2520 utin
2094 2476 2281 2524 introitu
2292 2490 2313 2532 ,·

1343 2560 1418 2608 quo
1440 2543 1698 2588 introierant
1723 2543 1773 2587 in
1795 2540 1999 2606 Cryptam
2022 2576 2038 2598 ,
2066 2547 2214 2607 paries
2244 2546 2311 2594 le«

1344 2626 1550 2668 varetur3
1575 2608 1686 2674 quod
1698 2605 1949 2680 ctimfitiſjet
1966 2613 2186 2675 impletum
2199 2649 2215 2671 ,
2230 2613 2307 2663 ded

1330 2682 1461 2750 fitper
1485 2677 1724 2746 nfizbnlone
1734 2682 1868 2748 ficper
1889 2701 1955 2729 eos
1978 2699 2161 2732 montem
2189 2685 2311 2748 dese-i

1342 2754 1402 2799 cit
1419 2785 1430 2795 .
1468 2748 1627 2798 Omnes
1654 2769 1749 2818 ergo
1766 2755 1936 2814 pariter
1953 2785 1969 2807 ‚
2000 2753 2100 2802 dum
2127 2772 2308 2804 commu·-

1343 2823 1456 2868 niter
1470 2819 1743 2868 Sacramenta
1753 2825 2087 2887 participarent,
2103 2828 2159 2874 ὠ·
2175 2824 2310 2876 Mar-

1340 2905 1482 2948 tyrum
1502 2892 1690 2958 gloriam
1725 2891 1982 2942 celebrarent
1999 2929 2015 2951 ‚
2047 2894 2135 2963 ipst
2156 2900 2311 2964 quoqu?

1340 2959 1400 3006 ad
1426 2965 1628 3022 martyrii
1653 2980 1841 3010 coronam
1853 2969 2153 3032 pertigerunt,
2190 2971 2308 3025 inter¹

1340 3047 1438 3095 quos
1464 3047 1587 3080 erant
1604 3030 1820 3083 Diodorus
1834 3034 2064 3099 Presbyter
2077 3070 2093 3092 ‚
2126 3037 2180 3084 (θ’
2194 3034 2309 3085 Ma⁴

1338 3105 1488 3150 rianus
1507 3100 1725 3151 Diaconos
1737 3138 1753 3159 ‚
1768 3107 2018 3169 &plurimi
2037 3106 2314 3166 Clericorumj

1338 3170 1494 3234 Populi
1519 3188 1656 3220 autem
1685 3176 1912 3224 multitudo
1929 3209 1945 3232 ,
1980 3179 2100 3240 cujus
2133 3193 2207 3238 nee
2227 3195 2307 3228 nu⁴

1342 3259 1478 3290 merus
1490 3276 1507 3303 ,
1536 3262 1610 3291 nec
1632 3247 1803 3295 nomina
1818 3242 2105 3313 colleffafitnt
2121 3281 2132 3292 .

2224 3318 2308 3366 Fae

2415 408 2417 427 i
