2425 3747
378 264 400 291 Ξ
417 255 479 303 36·

365 330 475 363 tuor
504 315 717 362 Seniores
746 348 761 369 ‚
797 316 875 378 qui
904 310 1200 378 procidentes
1225 312 1341 358 mit-

366 384 529 434 tebant
566 402 759 432 coronas
789 382 888 430 luas
918 394 1026 428 ante
1055 381 1308 431 Thronum
1331 416 1342 428 .

366 455 443 504 Est
476 457 604 503 enim
641 452 908 500 communis
926 451 1119 499 Patrum
1147 451 1309 517 opinio
1328 486 1343 508 ,

368 543 448 594 per
466 527 568 572 illos
590 523 760 590 viginti
782 535 985 588 quatuor
1000 522 1215 569 Seniores
1231 519 1345 572 duo·-

367 598 524 646 decim
562 592 849 659 Prophetas,
887 611 937 644 ac
972 591 1177 639 totidem
1208 594 1341 662 Apo-

363 666 503 717 stolos
520 663 734 711 denotari
755 699 765 709 .
785 662 947 712 Subest
964 662 1205 730 Apostolis
1225 663 1342 711 alius

363 736 565 786 circulus
588 769 603 790 ,
642 734 785 781 variis
811 734 860 783 ὃς
890 730 986 800 ipse
1014 731 1175 800 figuris
1203 749 1339 782 orna-

363 821 436 854 tus
463 841 478 862 ‚
516 821 717 870 quarum
753 800 952 871 lingulas
990 800 1340 861 describemus,

364 874 633 945 praescripto
660 877 684 923 a
712 875 896 923 Pictore
929 873 1096 922 ordine
1118 870 1304 921 servato
1326 909 1336 922 .

362 950 607 996 Numerus
635 944 813 1011 primus
839 942 1032 993 denotat
1062 944 1304 1012 pulpitum
1321 979 1338 1000 ,

361 1015 459 1066 five
499 1014 767 1082 suggestum
803 1016 933 1062 aurei
973 1016 1144 1063 coloris
1171 1050 1188 1071 ,
1225 1032 1337 1080 qua-

358 1101 469 1135 tuor
486 1086 720 1134 columnis
741 1083 1006 1141 suffultum,
1024 1086 1070 1132 in
1092 1090 1222 1147 cujus
1243 1102 1339 1133 me·-

361 1158 442 1206 dio
468 1155 554 1205 stat
571 1154 692 1204 liber
707 1170 893 1222 apertus
913 1190 928 1213 ,
968 1156 1012 1201 in
1033 1174 1125 1221 quo
1142 1156 1210 1205 hae
1237 1155 1336 1203 lite-
1357 1180 1363 1188 =

361 1246 421 1276 1ae
461 1223 688 1294 impressae
721 1223 826 1273 sunt
857 1246 868 1274 :
907 1227 1168 1275 EVANG.
1205 1227 1332 1275 SEC.

361 1297 779 1347 MATTHEVM
803 1332 818 1354 ‚
855 1295 1006 1357 idest3
1041 1296 1334 1367 Evangelium

349 1367 585 1438 secundam
611 1366 868 1417 Matthaenm
886 1400 896 1410 .
931 1369 1081 1415 Num.
1106 1371 1173 1418 II.
1203 1366 1332 1415 aliud

359 1437 644 1506 Iuggestum,
663 1451 717 1484 ut
737 1439 783 1484 in
799 1435 1046 1503 superiori,
1063 1457 1175 1486 cum
1194 1435 1336 1494 libro,

346 1510 409 1573 vin
431 1526 523 1574 quo
555 1509 753 1575 legitur:
780 1508 1038 1555 EVANG.
1070 1510 1197 1557 SEC.
1218 1509 1331 1556 LV·

360 1578 676 1627 CAMJdem
692 1579 738 1624 in
760 1580 853 1625 III.
867 1594 944 1623 nu.
961 1576 1333 1645 repraelentatur‚

361 1666 471 1696 cum
493 1646 616 1696 hisce
636 1646 790 1695 verbis
818 1649 863 1693 in
890 1646 1042 1695 libro:
1075 1650 1334 1697 EVANG.

360 1721 492 1768 SEC.
530 1719 850 1766 MARCVM
881 1752 892 1762 .
932 1721 987 1765 ΙΙ]
1019 1721 1111 1767 IV.
1149 1718 1335 1784 quoquc}

358 1786 627 1857 suggestum
648 1785 713 1835 est
731 1805 842 1835 cum
865 1785 986 1834 libro
1000 1824 1015 1845 ,
1043 1789 1087 1834 in
1105 1806 1198 1854 quo
1217 1789 1332 1836 haec:

363 1862 628 1909 EVANG.
664 1860 791 1908 SEC.
829 1860 1162 1907 IOANNEM
1193 1894 1203 1904 .
1253 1856 1333 1906 Ab

359 1945 559 1996 utraque
581 1927 870 1997 singulorum
892 1925 1216 1996 suggestorum
1238 1946 1338 1995 par-

359 2015 405 2050 te
423 2037 439 2059 ,
455 2000 556 2048 duae
575 2011 834 2048 cernuntur
856 2000 993 2062 Sedes
1010 1997 1334 2066 Episcopales,

357 2068 620 2118 faldistoria
636 2069 873 2137 apellatce,
893 2067 987 2116 albi
1005 2070 1177 2117 coloris
1189 2105 1204 2126 ,
1222 2086 1333 2135 qua-

359 2158 467 2188 rum
494 2139 666 2208 pedes,
705 2137 800 2187 sive
830 2135 1137 2188 sustentacula
1157 2157 1338 2187 aurea*

359 2209 613 2259 videntur:
647 2210 726 2257 alii
748 2222 949 2275 quatuor
969 2212 1189 2267 numeri,
1213 2228 1338 2258 nem-

359 2282 414 2349 p&
433 2281 777 2330 V.V1.V11.&
793 2283 939 2328 VIII.
956 2278 1040 2328 fibi
1060 2297 1118 2327 ex
1136 2278 1337 2328 adverso

358 2349 694 2419 respondentes
715 2387 731 2408 ,
758 2351 823 2397 nil
842 2349 972 2398 aliud
989 2346 1226 2407 referunt,
1252 2348 1338 2399 nisi

358 2425 643 2489 Martyrum
661 2458 677 2479 ,
716 2417 1044 2471 Confessorum
1064 2456 1080 2478 ‚
1109 2440 1161 2468 ac
1181 2421 1338 2468 Ponti-

360 2490 537 2549 ficum,
576 2490 654 2541 seu
684 2489 1027 2559 Episcoporum
1062 2489 1336 2559 sepulchra3

360 2562 417 2610 de
446 2559 615 2628 quibus
639 2559 775 2629 supra
802 2565 920 2629 Cap.
940 2565 1086 2612 XIX.
1111 2562 1334 2628 Defi’pul-

357 2634 548 2681 ebrorum
571 2631 735 2700 formis
766 2668 782 2689 ,
828 2638 917 2682 tam
954 2634 1068 2697 apud
1097 2633 1304 2682 Ezhnicos
1321 2669 1338 2690 ,

358 2709 483 2770 quam
506 2705 620 2768 apud
642 2708 838 2772 antiquos
854 2704 1182 2772 Chrifi'ifideles
1200 2738 1215 2759 ‚
1255 2701 1335 2750 ubi

360 2776 407 2821 in
426 2771 548 2820 Tab.
566 2775 754 2824 XLIII.
772 2791 902 2821 num.
920 2792 964 2820 2.
986 2775 1153 2822 eadem
1170 2775 1264 2822 haec
1282 2771 1335 2819 fi-

358 2860 475 2911 gura
491 2845 733 2910 grandiori
756 2841 909 2892 formai
929 2844 1243 2911 exprimitur,
1261 2845 1335 2891 lu-

357 2911 686 2979 culentiusque
707 2915 999 2980 explicatur.
1022 2918 1068 2962 A
1091 2915 1235 2963 latere
1256 2915 1338 2962 hu-

357 2980 562 3047 jusmodi
590 2982 947 3052 sepulchrorum
974 2986 1080 3033 hinc
1101 2984 1210 3034 inde
1244 2986 1335 3032 alia

359 3054 456 3103 duo
487 3071 633 3122 parva
665 3053 907 3121 sepulchra
936 3052 1067 3111 sunt,
1094 3057 1144 3104 &
1174 3073 1231 3104 ex
1256 3073 1336 3103 eo-

359 3141 467 3172 rum
485 3123 647 3172 medio
665 3125 712 3171 in
726 3122 961 3190 aliquibus
976 3126 1150 3190 palma,
1172 3126 1218 3171 in
1233 3126 1334 3173 aliis

357 3197 475 3242 vero
496 3195 653 3242 lilium
671 3190 860 3261 assurgit
874 3230 890 3251 ,
914 3212 1013 3260 quae
1032 3194 1116 3241 hac
1133 3194 1333 3259 quidem

359 3265 407 3311 in
428 3264 615 3313 Tabula
634 3263 696 3314 ob
712 3262 971 3333 figurarum
999 3265 1330 3333 parvitatem-³

766 240 1201 294 VETERA
1275 238 1981 293 MONIMENTA

1397 307 1598 359 discerni
1631 310 1712 356 vix
1748 309 1932 378 poffunt
1960 348 1976 370 ‚
2022 311 2267 380 grandiori
2297 328 2370 364 tam

1397 398 1506 431 men
1541 375 1693 428 forma
1711 416 1726 437 ,
1761 380 2044 430 exhibentur
2078 384 2124 431 in
2160 385 2368 437 eadem

1398 449 1587 502 Tabula
1612 450 1800 501 XLIII.
1828 468 1957 500 num.
1979 472 2018 501 1.
2044 455 2092 503 &
2122 469 2165 511 3.
2197 453 2278 504 ubi
2293 457 2367 506 di.

1396 522 1551 569 ximus
1566 555 1582 577 ,
1616 521 1820 590 palmam
1848 517 2145 590 sepulchrum
2171 527 2369 596 Marty-

1395 594 1456 640 ris
1473 627 1488 648 ,
1527 591 1683 639 lilium
1715 592 1834 640 vero
1858 590 2155 661 sepulchrum
2173 594 2371 646 Confest-

1394 661 1506 710 soris
1528 696 1542 718 ,
1582 664 1659 708 vel
1687 663 1897 730 Virginis
1916 662 2123 714 indicare
2139 701 2150 712 .

1462 728 1694 782 Absoluta
1723 733 1808 783 hac
1834 733 2180 800 explicatione,
2217 734 2277 783 ad
2295 752 2369 785 re-

1393 803 1521 869 liqua
1546 799 1738 853 Mufiva
1769 819 1912 869 opera
1943 802 2286 864 deveniemus,
2317 807 2368 855 in

1393 870 1652 923 interstitiis
1680 875 1944 941 primorum
1972 873 2080 925 06ὶο
2111 878 2370 926 ArcuunL,

1392 944 1515 1012 pista
1527 979 1544 1000 ‚
1562 959 1660 1009 quae
1680 943 1813 993 tholo
1830 940 2096 1007 subjacent,
2112 941 2208 994 five
2229 943 2368 995 testu-

1391 1014 1488 1063 dini
1507 1051 1522 1072 ,
1538 1015 1587 1064 ὅ(
1603 1012 1820 1063 Arabicis
1836 1016 2043 1063 numeris
2062 1013 2368 1074 adnotantur,

1388 1100 1441 1134 ut
1475 1086 1524 1133 in
1556 1083 1677 1132 Tab.
1707 1085 1895 1136 LXXI.
1931 1087 1980 1134 &
2018 1086 2233 1135 LXXII.
2279 1083 2367 1134 sub

1388 1174 1522 1205 num.
1544 1174 1583 1205 1.
1603 1155 1711 1205 Viri
1730 1152 2152 1224 cujusdamimago
2173 1154 2266 1215 est,
2285 1156 2368 1224 qui

1389 1225 1518 1295 toga,
1537 1246 1588 1275 ac
1605 1227 1750 1294 pallio
1773 1222 1866 1271 albi
1883 1227 2052 1274 coloris
2073 1226 2367 1295 superindui·-

1388 1311 1493 1354 tur,
1524 1299 1571 1343 in
1590 1301 1721 1358 cujus
1754 1291 1953 1343 fimbriis
1972 1293 2038 1345 est
2058 1313 2365 1365 monogram-

1387 1386 1464 1416 ma
1478 1371 1516 1416 I.
1546 1379 1774 1432 tenetque
1806 1365 2080 1414 involutum
2109 1368 2367 1419 volumen:

1386 1455 1530 1504 quem
1552 1449 1711 1486 tamen
1725 1470 1740 1491 ,
1769 1436 1884 1481 novi
1904 1435 1961 1482 ne
1974 1471 1990 1492 ,
2009 1454 2066 1483 an
2088 1439 2260 1484 veteris
2274 1440 2367 1492 Te*

1387 1507 1600 1556 stamenti
1620 1508 1780 1554 virum
1797 1502 2101 1570 repraesentet
2117 1541 2134 1562 ,
2164 1507 2331 1573 ignoro
2351 1549 2363 1561 .

1389 1579 1559 1644 Figura
1575 1577 1669 1625 haec
1685 1576 1945 1641 encarpiis,
1965 1573 2060 1625 five
2080 1574 2278 1627 arabicis
2295 1599 2367 1629 or..

1390 1644 1575 1694 natibus
1595 1647 1962 1711 circumquaque
1987 1645 2294 1709 nobilitatur,
2310 1665 2366 1701 ut

1391 1720 1437 1765 in
1458 1715 1693 1765 schemate
1718 1716 1871 1763 videri
1892 1715 2043 1782 potest
2064 1753 2074 1765 .

1459 1789 1703 1836 Numerus
1727 1803 1772 1833 2.
1791 1785 1931 1833 aliam
1952 1785 2150 1855 figuram
2176 1787 2321 1839 habet
2338 1793 2367 1842 ὲ

1388 1859 1538 1924 prima
1554 1893 1570 1914 ‚
1597 1870 1904 1925 praeterquam
1928 1858 1975 1904 in
1998 1857 2156 1924 gestu,
2176 1859 2254 1907 vel
2275 1857 2366 1909 situ

1387 1928 1645 1976 voluminis
1661 1963 1676 1984 ‚
1693 1927 1809 1975 nihil
1833 1923 2099 1977 absimilem
2117 1963 2128 1974 .
2152 1929 2290 1978 Idem
2305 1925 2367 1981 de

1386 1999 1578 2064 reliquis
1607 2033 1616 2044 .
1657 1997 1823 2045 Tertia
1856 2010 2048 2056 tamen,
2083 2000 2133 2048 &
2164 2001 2368 2060 octava,

1387 2070 1613 2136 temporis
1633 2069 1676 2114 in
1679 2064 1801 2131 jurizi
1816 2102 1832 2124 ,
1860 2066 2052 2116 corrosae
2074 2066 2181 2117 sunt
2195 2106 2212 2128 ,
2232 2083 2286 2118 ut
2304 2088 2365 2120 ex

1389 2137 1495 2208 ipsis
1514 2136 1879 2188 emblematibus
1897 2152 2029 2207 patet
2043 2176 2054 2185 .
2420 2200 2422 2204 .

1473 2206 1731 2276 Descriptis
1766 2206 2003 2277 hucusque
2030 2245 2046 2267 ‚
2083 2207 2193 2257 cum
2223 2208 2366 2272 ⁴hujus

1391 2278 1576 2329 aedificii
1594 2278 1822 2329 structura
1834 2314 1850 2336 ‚
1866 2291 1970 2327 tum
1990 2276 2191 2328 Mufivis
2207 2281 2364 2347 operi-

1389 2349 1472 2398 bus
1486 2386 1501 2407 ,
1522 2346 1725 2418 superest
1741 2349 1886 2397 modo
1899 2385 1914 2405 ‚
1933 2363 1986 2397 ut
2004 2351 2187 2415 aliquot
2203 2347 2368 2398 versus

1389 2420 1508 2469 inibi
1545 2433 1751 2470 extantes
1773 2454 1789 2476 ,
1826 2437 1878 2466 ac
1913 2419 2156 2486 quoddam
2190 2437 2363 2467 mono-

1386 2509 1599 2559 gramma
1621 2491 1912 2559 explicemus
1930 2525 1940 2535 .
1969 2494 2026 2538 In
2042 2488 2168 2539 dista
2184 2488 2362 2537 Tabul-

1389 2564 1576 2613 LXIX.
1600 2559 1677 2629 fig.
1695 2579 1738 2607 2.
1762 2563 1809 2606 in
1826 2577 1936 2608 arcu
1953 2595 1968 2617 ,
2007 2560 2087 2627 qui
2111 2561 2247 2609 altari
2273 2561 2362 2606 im·

1392 2634 1578 2690 minet,
1613 2644 1777 2680 notato
1800 2648 1929 2677 num.
1957 2650 1997 2679 1.
2023 2631 2119 2677 haec
2137 2630 2364 2697 leguntur

1391 2721 1450 2752 ex
1470 2702 1635 2750 Psalm.
1654 2717 1677 2761 3
1693 2721 1710 2750 1
1723 2738 1732 2748 .
1749 2702 1880 2752 Beati
1894 2719 2064 2769 quorum
2079 2700 2365 2768 remffeficnt

1390 2778 1646 2841 iniquitates
1664 2808 1680 2829 ,
1715 2774 1769 2822 (T
1785 2790 1955 2840 quorum
1982 2770 2206 2838 teflafimt
2216 2784 2364 2832 pecca·

1389 2861 1436 2893 ta
1452 2880 1462 2890 .
1496 2845 1662 2895 >Beatus
1677 2847 1759 2892 vir
1772 2879 1788 2902 ,
1822 2847 1892 2891 cui
1910 2859 1992 2889 non
2008 2844 2252 2909 imputavit
2273 2839 2366 2904 Do·

1390 2918 1533 2964 minus
1542 2928 1759 2981 peccatum
1777 2948 1788 2959 .

1457 2987 1495 3032 E
1527 2982 1779 3052 conspeetu
1808 2981 1944 3044 hujus
1960 2984 2114 3029 Arcus
2146 2980 2265 3028 alter
2288 2990 2363 3027 at·

1388 3056 1576 3104 tollitur
1595 3066 1782 3101 notatus
1808 3069 1938 3098 num.
1955 3066 1999 3108 3.
2028 3050 2109 3100 ubi
2132 3067 2256 3097 nunc
2273 3051 2361 3096 Ba-

1388 3122 1587 3192 ptismus
1615 3120 1996 3179 administratur,
2033 3122 2082 3169 in
2115 3137 2209 3186 quo
2240 3120 2363 3168 haec:

1389 3194 1487 3246 Ubi
1504 3193 1694 3260 depositit
1716 3193 1858 3261 &esim
1890 3191 2247 3260 vestimentasim
2262 3225 2279 3247 ‚
2307 3190 2364 3238 &⁶

1386 3266 1503 3335 mg‘fic
1535 3279 1686 3332 aquam
1711 3268 1761 3313 in
1768 3265 1947 3332 pelvim
1961 3298 1979 3321 ‚
2012 3265 2135 3329 coepit
2161 3263 2362 3311 lavares

2231 3327 2362 3399 pede-53
