2425 3747
301 257 395 298 272

298 306 426 358 Cum
457 308 571 376 quid
604 305 757 374 figurae
783 308 886 376 ipla³
910 307 1266 377 repraesentent,

297 376 394 445 ipsa
425 380 675 447 epigraphe
711 378 916 436 indicet,
954 381 1133 429 colores
1164 393 1263 429 tan-

294 450 546 498 tummodo
582 444 841 498 describere
876 447 1128 508 debemus,
1160 452 1261 516 qui-

297 519 379 566 bus
398 514 690 585 impressorIa
709 533 776 565 ars
792 517 1065 569 destituitur
1085 555 1096 569 .
1179 518 1182 519 ’

301 631 305 634 ⁴
365 587 582 636 Vcstium
614 587 794 635 colores
816 623 832 644 ‚
871 602 924 635 ut
952 590 998 635 in
1030 590 1265 640 Vaticano

296 657 554 724 exemplari
586 671 870 715 cernuntur,
903 656 963 708 sic
991 656 1035 709 se
1059 656 1232 709 habent
1251 696 1262 709 .

294 725 467 777 Christi
492 726 647 776 tunica
666 724 924 779 versicolor
942 726 1006 776 est
1022 751 1035 791 3
1053 746 1163 779 nam
1183 728 1265 780 ubi

293 813 351 844 ex
373 793 548 844 umbris
563 793 801 845 obscurior
818 797 881 846 est
896 833 912 855 ,
929 802 1166 856 ceruleus,
1184 799 1265 850 ubi

293 864 410 914 vero
429 866 597 914 clarior
610 901 626 923 ,
639 865 769 917 albus
789 867 920 916 color
938 885 1148 937 apparet.
1167 872 1266 917 Sto·-

293 937 337 983 la
371 937 557 992 crocei,
587 937 785 1004 pallium
812 939 1056 997 coccinei,
1083 944 1263 988 Mono-

292 1023 506 1072 gramma
529 1006 698 1057 itidem
717 1009 899 1069 crocei,
917 1009 1265 1060 Sandaliorum-

293 1093 383 1140 que
406 1077 630 1143 ligamina
649 1078 772 1144 nigri
791 1078 960 1129 coloris
982 1077 1114 1143 sunt3
1129 1086 1262 1146 Apo-

293 1145 525 1194 stolorum
554 1146 701 1195 vestes
731 1149 777 1195 in
794 1147 1032 1199 coloribus
1062 1152 1087 1202 εὶ
1108 1152 1265 1203 veste,

293 1213 467 1264 Christi
492 1217 688 1264 minim&
714 1215 1004 1286 discrepant.
1035 1221 1174 1272 Stolae
1196 1236 1261 1269 ta-

293 1302 404 1333 men
424 1286 634 1344 caerulei,
652 1288 883 1354 palliaque
901 1290 1141 1349 clnericii,
1161 1308 1262 1342 mo-

292 1369 620 1422 nogrammata
648 1358 885 1418 coccinei,
913 1360 1137 1427 ligamina
1167 1362 1264 1411 san-

293 1424 533 1476 daliorum
571 1428 691 1497 nigri
723 1428 895 1477 coloris
928 1428 1097 1478 itidem
1132 1430 1261 1480 sunt.

293 1496 413 1544 Haec
431 1495 489 1544 de
510 1494 746 1545 coloribus
761 1532 771 1543 .
809 1497 963 1547 Modo
981 1500 1038 1549 ad
1057 1502 1147 1548 alia
1166 1502 1264 1550 ani-

294 1563 624 1615 madverfione
652 1565 795 1634 digna
814 1565 1168 1628 descendimus,
1187 1569 1268 1619 sci-

295 1635 408 1690 licet
426 1636 484 1684 ad
503 1634 760 1703 figurarum
778 1638 1146 1706 explicationem
1164 1678 1174 1689 .
1209 1646 1266 1691 ln

294 1705 458 1754 medio
498 1705 571 1753 est
609 1705 799 1755 humani
835 1710 1017 1778 generis
1048 1712 1267 1761 Salvator

295 1773 506 1824 Christus
526 1776 759 1825 Dominus
792 1778 975 1837 noster,
1015 1783 1093 1847 qui
1122 1781 1269 1850 globo

295 1842 495 1894 insidens
529 1844 773 1895 dexteram
799 1848 977 1915 pectori
995 1849 1268 1907 admotam,

295 1915 503 1981 palmam
529 1914 644 1963 vero
671 1918 922 1984 expansam
954 1919 1125 1979 habet,
1159 1941 1211 1970 ac
1236 1918 1272 1971 st

297 1984 543 2034 benedicat
561 2021 576 2042 ,
597 1987 651 2054 §c
693 1985 870 2037 sinistra
899 1987 1077 2042 librum
1107 2007 1236 2042 tenet
1257 2027 1269 2039 .

295 2050 396 2102 Pari
417 2055 562 2104 modo
580 2055 785 2106 eundem
799 2059 1177 2127 Redemptorem
1193 2080 1272 2111 no-

295 2121 442 2171 strum
477 2121 739 2192 expressum
762 2126 962 2178 observo
985 2133 1032 2177 in
1052 2129 1270 2182 Tribuna

294 2191 476 2241 Mufivi
498 2197 651 2262 operis
668 2196 929 2247 constructa
948 2219 973 2248 a
994 2201 1182 2269 Pelagio
1201 2206 1269 2251 11.

295 2264 343 2309 in
362 2263 565 2313 Ecclesia
588 2268 630 2319 S.
648 2267 889 2316 Laurentii
908 2270 956 2317 in
971 2273 1103 2338 Agro
1127 2277 1275 2321 Vera·-

295 2334 427 2390 no,&
446 2336 491 2381 in
507 2334 821 2385 aliaTribuna
836 2338 1049 2389 Ecclefiae
1062 2341 1271 2392 S.Theo-

296 2403 431 2460 dori,
469 2404 527 2455 de
549 2405 716 2471 quibus
737 2403 818 2456 suo
838 2409 942 2458 loco
966 2408 1238 2461 differemus
1261 2442 1274 2460 .-

297 2476 354 2522 In
382 2490 476 2522 uno
511 2477 610 2524 aliae
631 2474 786 2544 figurae
814 2478 882 2527 ab>
902 2480 985 2528 hac
1016 2479 1273 2540 differuntj

296 2544 464 2610 nempe
489 2544 617 2611 quod
649 2547 756 2596 loco
777 2547 886 2596 libri
913 2550 1089 2598 hastam
1120 2569 1271 2601 cum„

298 2630 443 2679 parva
484 2620 639 2664 Cruce
682 2618 729 2663 in
765 2616 1036 2668 summitate
1078 2635 1240 2672 tenent
1257 2660 1271 2673 .

297 2684 428 2747 Qid
463 2699 621 2733 autem
647 2685 845 2736 denotet
870 2689 1038 2757 globus
1068 2693 1269 2751 illesiin

294 2770 389 2817 quo
409 2754 622 2803 Christus
646 2754 804 2815 sedet,
821 2760 1158 2827 explicandum
1177 2762 1245 2813 est
1261 2801 1273 2811 .

294 2821 437 2869 Prisci
454 2823 789 2877 Christifideles
811 2846 893 2895 per
911 2829 1108 2898 globum
1133 2835 1272 2883 illum

295 2889 461 2940 orbem
488 2907 720 2943 terrarum
753 2900 961 2948 indicare
986 2902 1270 2963 voluerunt,

295 2960 632 3028 Christumque
655 2962 790 3033 super
809 2969 947 3020 illurn
969 2969 1272 3033 insidentem,-

294 3029 475 3081 scilicet
505 3036 866 3096 nominantem,
895 3059 1074 3090 necnon
1102 3048 1275 3092 trium-‘⁷

296 3102 552 3168 phantem,
580 3117 632 3151 ut
658 3108 791 3154 Crux
820 3107 1109 3159 demonstrat
1127 3149 1144 3170 ,
1171 3131 1273 3180 quae

296 3174 493 3240 trophaei
522 3186 631 3223 nota
663 3175 757 3224 dici
789 3176 970 3244 potest,
1001 3179 1065 3229 ob
1085 3197 1272 3250 partam

297 3240 356 3289 de
383 3242 575 3293 diabolo
606 3245 884 3299 victoriam.

712 238 1136 294 VETERA
1209 240 1902 295 MONIMENTA

1391 316 1472 362 Ad
1493 312 1665 361 Christi
1692 314 1857 363 laevam
1875 314 1962 364 stat
1987 316 2029 363 S.
2046 318 2225 380 Petrus,
2242 325 2285 372 in

1318 387 1448 444 cujus
1479 383 1614 432 icone
1646 382 1741 432 duo
1778 385 1980 435 notanda
2012 385 2147 435 sunta
2184 391 2285 439 Pri—

1317 470 1470 510 mum,
1488 454 1791 522 capillitium‚
1808 467 1900 503 tres
1915 456 1959 503 in
1978 457 2289 516 ordines-,five

1318 524 1517 573 circulos
1549 521 1823 573 distinctum
1852 543 1864 574 :
1901 527 2027 592 quod
2064 529 2285 596 mysterii

1319 610 1482 660 expers
1514 593 1712 641 minime
1739 593 1834 656 est3
1863 611 1973 642 nam
1992 598 2132 647 aliam
2159 596 2287 648 fimi-

1319 665 1412 712 lem
1432 664 1695 729 Imaginem
1718 681 1827 713 cum
1845 665 1945 732 pari
1964 669 2289 737 capillorum-2

1320 732 1486 783 ordine
1521 730 1702 785 Urbani
1737 738 1799 784 V.
1839 748 2052 803 tempore
2068 775 2084 798 ‚
2112 739 2290 791 scilicet

1322 804 1445 854 circa
1463 819 1638 852 annum
1668 822 1684 850 1
1699 814 1814 859 362.
1836 803 2070 873 depictam
2089 806 2289 860 asserva-

1320 876 1358 922 ri
1390 875 1437 919 in
1464 874 1656 921 archivo
1687 876 1931 924 Vaticanae
1960 873 2164 927 Basilica?
2186 900 2291 929 nar-

1317 962 1419 993 rans
1435 943 1685 1008 Turrigius
1706 945 1751 992 in
1768 942 1857 993 suis
1877 948 2054 1013 Cryptis
2071 950 2292 1002 Vaticanis

1318 1032 1421 1083 pag.
1447 1022 1526 1071 76.
1558 1014 1644 1061 hoc
1672 1010 1809 1061 simul
1830 1015 2290 1086 hieroglyphicuma

1317 1084 1524 1152 explicat
1541 1118 1557 1141 ,
1591 1082 1748 1132 dicens
1765 1120 1779 1141 ,
1809 1102 1889 1153 pet
1907 1087 2031 1135 hunc
2052 1090 2290 1157 triplicem

1318 1153 1601 1221 capillorum
1629 1153 1848 1203 ordinem
1879 1155 2094 1206 denotari
2117 1162 2293 1229 triplex

1319 1228 1538 1291 Regnum
1556 1260 1571 1282 ‚
1589 1223 1647 1273 de
1664 1242 1757 1290 quo
1780 1223 1896 1272 infra
1909 1261 1926 1283 ,
1943 1244 2089 1293 quum
2107 1227 2294 1282 fortasse

1319 1294 1377 1342 de
1401 1292 1548 1342 tribus
1573 1292 1783 1342 clavibus
1802 1291 2104 1355 disseremus,
2135 1303 2292 1370 aliqua

1321 1364 1517 1414 dicenda
1536 1362 1640 1411 sunt
1656 1401 1666 1412 .

1418 1434 1684 1484 Secundum
1713 1436 1756 1481 in
1787 1438 1846 1482 D.
1882 1435 2006 1484 Petri
2036 1435 2183 1507 figura
2212 1459 2293 1491 no*

1318 1502 1516 1553 tandum
1535 1503 1625 1560 est,
1644 1503 1772 1571 quod
1789 1505 1977 1553 unicam
1992 1507 2179 1557 tantum
2198 1513 2292 1559 cla·

1322 1589 1432 1621 vem
1456 1591 1502 1621 in
1521 1591 1664 1622 manu
1696 1587 1825 1622 tenet
1855 1589 2020 1624 contra
2052 1593 2293 1630 invetera-

1319 1656 1423 1691 tum
1449 1660 1633 1692 morem
1650 1644 1787 1693 illum
1805 1646 2028 1712 pingendi
2055 1665 2166 1697 cum
2186 1651 2298 1699 dua-

1324 1711 1406 1760 bus
1441 1710 1651 1762 clavibus
1675 1750 1689 1771 ,
1724 1729 1776 1762 ut
1804 1715 2146 1767 demonstravit
2180 1723 2296 1770 Ale·

1325 1799 1520 1833 mannus
1552 1783 1597 1832 in
1618 1781 1707 1832 suis
1733 1784 2087 1853 Lateranenstbus
2109 1796 2294 1854 parieti·

1327 1857 1397 1905 nis
1412 1887 1427 1908 ,
1460 1858 1575 1921 Cap.
1597 1857 1687 1903 IX.
1710 1854 1789 1903 ubi
1809 1857 1943 1925 plura
1965 1855 2098 1907 affert
2115 1860 2296 1911 numis-

1326 1937 1450 1971 mata
1474 1921 1568 1973 five
1587 1922 1738 1990 ligna,
1765 1943 1967 1991 quorum
1991 1928 2086 1976 duo
2109 1929 2297 1979 tantum

1325 1996 1541 2050 adduco,
1576 1992 1687 2042 cum
1716 1997 1896 2063 reliqua
1928 1999 2053 2066 apud
2087 2003 2297 2068 praecita-

1327 2076 1428 2112 tum
1453 2064 1718 2113 Auctorem
1750 2068 1904 2115 videri
1927 2066 2125 2134 poffint.

1393 2135 1606 2181 Primum
1625 2133 1689 2183 est
1705 2137 1913 2185 Victoris
1932 2141 1997 2187 ΙΙ.
2033 2141 2113 2204 qui
2131 2139 2298 2189 floruit

1326 2207 1467 2253 Anno
1493 2220 1637 2268 1054.
1661 2206 1929 2256 Secundum
1948 2207 2064 2256 ver&
2084 2211 2296 2259 Alexan-

1327 2274 1398 2322 dri
1421 2277 1484 2322 ΙΙ.
1521 2276 1598 2339 qui
1633 2277 1815 2325 Victori
1845 2279 1962 2345 pen&
1999 2276 2297 2345 synchronus

1325 2342 1440 2396 fuit.
1460 2345 1635 2394 Eadem
1652 2344 1776 2413 ligna
1798 2348 1844 2394 in
1863 2350 2121 2398 eorundem
2135 2352 2300 2399 Ponti-

1328 2412 1469 2465 ficum
1489 2416 1599 2462 vitis
1628 2435 1651 2461 a
1672 2419 1928 2466 Ciacconio
1954 2420 2097 2467 etiam
2115 2421 2262 2469 relata
2282 2457 2299 2479 ,

1327 2503 1383 2533 ne
1403 2485 1663 2552 praecitatos
1693 2487 1924 2537 Auctores
1943 2488 2071 2541 adire
2098 2493 2198 2558 quis
2216 2510 2298 2539 co-

1324 2568 1462 2622 gatur
1480 2589 1495 2611 ,
1523 2551 1603 2603 sub
1622 2558 1783 2604 oculos
1805 2576 1928 2625 pono
1951 2560 1996 2607 in
2015 2560 2181 2611 eadem
2200 2562 2297 2611 Ta-

1327 2624 1434 2675 bula
1450 2625 1716 2676 LXXVII.
1740 2625 1872 2695 figur.
1902 2649 1942 2679 1.
1962 2630 2011 2680 &
2030 2646 2073 2688 3.
2091 2629 2171 2678 ubi
2190 2632 2297 2677 uni-

1325 2713 1428 2759 cam
1444 2695 1628 2743 tannim
1658 2698 1871 2760 clavem5
1903 2713 1950 2748 at
1973 2702 2020 2748 in
2040 2699 2115 2768 fig.
2137 2718 2182 2747 2.
2206 2715 2300 2749 tres

1329 2767 1481 2813 claves
1511 2762 1650 2814 fimul
1671 2771 1843 2817 annulo
1864 2767 2060 2818 inclusas
2093 2787 2184 2838 prae
2205 2789 2300 2819 ma·-

1326 2834 1461 2883 nibus
1486 2837 1722 2885 &Petrus
1758 2838 1928 2888 habet.
1960 2841 2091 2887 Huic
2118 2842 2299 2890 Hiero-

1323 2905 1555 2974 glyphico
1573 2906 1668 2955 duo
1686 2908 1775 2955 alia
1790 2909 1960 2957 eddere
1975 2905 2151 2976 possem
2164 2946 2181 2968 ,
2199 2928 2299 2976 quae

1327 2975 1571 3026 brevitatis
1588 2975 1740 3044 gratia
1758 2980 1930 3026 omitto
1948 3015 1964 3037 ,
1984 2997 2036 3026 ac
2053 2978 2296 3028 curiosum

1325 3045 1576 3095 Lectorem
1607 3047 1941 3096 ad'laudatum
1969 3050 2297 3106 Alemannum

1323 3113 1492 3183 ablego
1514 3151 1525 3161 .
2298 3134 2302 3135 ’

1395 3184 1531 3251 Qid
1556 3196 1713 3234 autem
1732 3189 1872 3236 unica
1894 3187 2077 3255 tantdm
2099 3187 2303 3241 denotet

1325 3255 1498 3315 clavis,
1518 3257 1562 3304 S.
1577 3254 1820 3307 Ambrofii
1836 3255 2115 3325 auctoritate
2130 3256 2308 3311 suffixi-4

2222 3343 2297 3380 tUS

2377 258 2380 290 i

2379 359 2382 395 i
