2425 3747
720 178 758 224 C
828 175 874 229 Α
946 177 984 224 Ρ

102 267 127 295 a
153 250 303 294 Bac-:co
334 241 512 296 duxisse
541 244 796 310 originem,
821 262 872 291 ac
889 260 1071 294 morem

97 315 388 370 sustentandi
406 309 611 362 habuisse
627 348 637 358 .
656 311 811 361 Modo
831 328 992 362 autem
1013 315 1071 364 ad

100 386 309 450 ejusdem
337 385 491 432 baculi
517 383 655 431 usum
686 382 1072 436 ostendendum.)

100 457 419 523 procedimUS,
435 456 484 504 &
499 456 524 503 a
540 450 677 501 Sacri
693 452 954 522 Scriptura,
969 471 1072 504 tan-

97 542 243 591 quam
282 526 395 592 legis
436 522 601 572 nostrae
643 525 811 572 norma
825 560 842 582 ,
877 526 1070 576 initium

97 597 317 650 ducimus
335 629 346 641 ·
374 636 377 637 γ
570 600 575 606 ’

103 705 115 715 f
139 717 141 721 ,
168 670 226 720 In
256 663 412 713 Exodi
440 665 586 732 igitur
605 682 705 731 cap.
728 682 804 712 12.
833 683 907 713 n.1
925 685 964 712 1.
987 663 1068 713 ubi

103 741 133 791 ὲ
148 736 361 792 Domino
380 733 507 785 Moli
537 736 655 793 ritus
684 736 968 792 comedendi
986 737 1070 782 Pa-

95 804 303 869 schalem
320 808 519 875 Agnum
541 802 868 874 praeicribitur,
891 807 1072 854 mentio

94 876 377 929 baculorum
417 877 625 926 occurrit
652 911 663 921 .
716 878 833 926 Haec
873 877 1070 924 Domini

94 944 241 996 verba
260 944 368 994 sunt
386 982 397 992 .
431 947 505 996 Sic
525 963 662 995 autem
678 948 900 1005 comedetis
919 948 1068 994 illum:

97 1035 218 1067 renes
238 1019 417 1067 vefi‘ros
440 1021 689 1085 accingetis,
716 1022 770 1067 Θ
794 1019 1071 1065 calceamenta

96 1086 312 1139 babebitis
329 1092 377 1136 in
386 1087 586 1153 pedibus,
605 1104 796 1135 tenentes
816 1086 1005 1135 baculos
1020 1091 1067 1133 in

94 1157 319 1215 manibus,
352 1163 406 1207 (ἲ
431 1159 654 1207 comedetis
669 1156 976 1223 festinantem
1001 1157 1068 1205 ef?

90 1233 206 1282 enim
238 1229 376 1295 Phafi'
408 1231 428 1284 (
451 1226 567 1276 idest
592 1228 833 1294 transttus)
854 1227 1064 1276 Domini.

91 1300 140 1346 Si
163 1295 516 1353 confideremus
548 1294 793 1352 historiam
811 1331 827 1353 ,
860 1298 1066 1345 viatores

88 1368 248 1416 baculi
263 1366 437 1417 docent
451 1404 467 1426 ,
495 1369 575 1434 qui
597 1368 824 1434 praecipue
846 1369 1069 1416 Orienta-

90 1436 214 1492 libus
241 1473 258 1495 ,
294 1451 433 1505 atque
483 1440 628 1488 etiam
665 1436 1066 1486 Meridionalibus

88 1507 278 1577 populis
307 1509 356 1555 in
390 1505 475 1557 usu
510 1507 642 1558 fuere
673 1528 685 1556 :
718 1506 843 1565 unde
860 1507 1013 1578 jacob
1042 1509 1068 1555 a

89 1591 223 1647 patre
241 1577 451 1626 abiturus
470 1580 517 1626 in
534 1577 964 1646 Mosopotamiam,
985 1577 1065 1625 ba-

93 1649 190 1704 culi
207 1646 277 1694 sui
297 1649 537 1704 meminit,
557 1653 688 1709 cujus
705 1665 794 1722 ope
803 1648 1068 1714 jordanem

95 1717 306 1769 fiuvium
327 1715 546 1766 transivit
566 1738 577 1766 :
595 1718 787 1766 Genesis
813 1719 965 1784 capite
988 1731 1067 1774 32.

93 1786 301 1836 vers.10.
331 1789 393 1833 Et
410 1792 596 1853 cap.38.
620 1784 825 1836 vers.18.
854 1800 1073 1834 narratur

93 1855 373 1905 concubitus
395 1855 536 1925 Judae
561 1873 674 1903 cum
709 1857 920 1902 Thamar
947 1873 1071 1902 nuru

89 1924 203 1984 sua,
233 1943 333 1992 quae
367 1926 671 1975 commutatis
702 1924 952 1972 viduitatis
982 1922 1070 1971 suae

95 1993 303 2046 vestibus
336 1997 385 2043 in
413 1993 684 2044 theristrum
712 1997 733 2051 (
762 2008 904 2044 tenue
937 1996 1067 2043 vela-

97 2083 209 2115 men
238 2079 371 2123 erat,
413 2083 507 2132 quo
540 2062 785 2113 Palaestina²
817 2066 1068 2123 mulieres,

93 2137 303 2192 maxime
321 2134 480 2184 aestivo
501 2136 749 2203 tempore,
774 2135 1069 2198 utebantur)

91 2204 221 2257 stetit
252 2207 300 2253 in
334 2203 488 2262 bivio,
517 2208 606 2271 qua
628 2208 800 2253 Socero
829 2204 1068 2254 transeun-

91 2276 211 2326 dum
236 2288 368 2333 erat,
388 2275 595 2324 obducta
617 2277 852 2324 velamine
877 2272 1068 2333 faciem,

92 2346 296 2413 ideoque
323 2363 408 2414 pro
441 2344 745 2394 meretricula
774 2360 994 2414 accepta,
1016 2348 1066 2396 δε

94 2435 180 2485 pro
213 2416 344 2465 hoedi
380 2413 591 2484 promiffi
623 2415 881 2465 arrhabone
916 2435 1064 2464 annu-

92 2489 199 2535 lum
226 2486 393 2554 petiit,
421 2487 725 2553 accepitque,
756 2505 839 2535 nec
872 2505 965 2535 non
996 2505 1066 2534 ar-

94 2557 303 2617 millam,
323 2557 372 2606 &
391 2554 615 2606 baculum
629 2592 644 2613 ,
661 2557 955 2626 quemJudas
984 2576 1063 2625 ge-

92 2626 226 2676 rebat
242 2663 253 2673 .
281 2631 409 2675 Item
425 2629 628 2674 Numer.
651 2645 783 2694 capa
801 2648 838 2676 1.
856 2626 974 2677 vers.
988 2647 1003 2675 1
1016 2633 1060 2677 8.

95 2695 158 2746 fic
170 2697 344 2765 legitur
363 2716 373 2744 ε
392 2697 567 2753 Puteus,
581 2716 697 2765 quem
699 2695 911 2765 foderunt
926 2700 1061 2749 Prin·

96 2773 205 2835 cipes
222 2803 238 2825 ,
256 2779 594 2834 &paraverunt
607 2768 748 2818 Duces
768 2770 1064 2819 multitudinis

95 2843 145 2887 in
169 2838 312 2886 datore
325 2840 509 2906 legin&
524 2843 572 2886 in
587 2837 750 2888 baculis
754 2841 852 2908 suis
868 2876 878 2886 .
902 2842 1063 2905 Qem

96 2911 260 2959 locum
284 2908 502 2956 nonnulli
525 2905 869 2976 ficexponunt:
889 2909 974 2959 Hic
999 2911 1066 2960 eff

96 2983 175 3030 ille
191 2994 369 3045 puteus,
389 2996 507 3046 quem
523 2979 748 3046 Principes
770 2979 996 3037 Tribuum,
1014 2984 1068 3029 (J

99 3050 238 3100 Duces
279 3048 576 3099 multitudinis
608 3069 696 3099 cum
729 3050 857 3119 Most:
893 3053 1066 3119 legisla-

97 3135 186 3171 tore
200 3117 407 3186 foderunt
425 3123 473 3168 in
502 3118 683 3177 baculis,
686 3124 764 3189 seu
782 3125 933 3189 ‘virgis
942 3124 1065 3190 suis:

97 3188 329 3242 habebant
350 3191 480 3253 enim
498 3190 734 3257 Principes
763 3190 935 3260 singuli
968 3192 1067 3241 vir-

1059 173 1459 236 UTXV.

2006 200 2023 226 1
2042 201 2057 227 1
2071 201 2095 231 -7

1123 264 1234 316 gam
1251 247 1438 304 ,veluti
1462 241 1646 310 lignum
1666 244 1875 311 imperii,
1894 246 1943 293 &
1963 233 2095 314 pote7

1125 317 1252 365 statis
1273 351 1284 361 .
2079 355 2087 366 .,

1193 387 1431 452 Praecipua
1446 386 1541 432 haec
1560 387 1704 432 Sacra>
1725 385 1976 451 Scripturas
1996 386 2098 432 loca

1123 453 1365 507 adduxisse
1389 456 1636 511 contenti,
1652 453 1709 502 ad
1728 473 1783 504 ea
1805 455 2099 503 indicanda-2

1125 525 1475 594 progredimur,
1499 544 1598 591 quae
1618 526 1676 574 de
1697 524 1874 574 baculis
1892 522 2099 574 referun-

1122 611 1202 643 tur
1230 608 1328 641 tam
1362 595 1489 662 apud
1523 596 1760 644 Ordinem
1791 599 2100 655 Romanum,

1120 668 1269 732 ¹quam
1301 665 1427 732 apud
1456 665 1612 721 illius,
1636 679 2005 733 caeterorumque
2037 665 2102 714 sa-

1121 753 1317 785 crorum
1335 738 1541 783 Rituum
1572 733 1889 803 expositores:
1925 737 2100 790 deinde

1122 803 1426 853 transibimus
1462 804 1520 853 ad
1555 806 1855 873 explicandas
1887 805 2100 859 Mufivas

1124 875 1326 943 figuras,
1343 894 1443 943 quae
1465 875 1655 925 baculos
1670 895 1761 945 prae
1781 875 1998 926 manibus
2021 900 2100 948 ge-

1125 946 1245 994 stant
1261 982 1272 992 .
1678 995 1681 997 ,

1193 1017 1378 1064 Primus
1402 1018 1483 1083 qui
1502 1014 1787 1066 sesesofferat
1819 1019 1949 1064 locus
1970 1017 2098 1069 estin

1121 1086 1305 1135 Ordine
1332 1091 1570 1142 Romano,
1605 1090 1685 1151 qui
1721 1089 1889 1153 incipit
1920 1088 2098 1139 Denun-

1119 1161 1231 1206 ciata
1259 1160 1448 1208 §latione
1464 1193 1480 1215 ,
1512 1156 1685 1223 quique
1704 1156 1761 1204 ab
1778 1160 2032 1225 Hittorpio
2051 1164 2099 1209 in

1122 1229 1280 1276 lucem
1308 1228 1462 1276 editus
1491 1223 1602 1283 fuit,
1626 1226 1960 1292 omnibusque
1998 1231 2102 1280 aliis

1121 1297 1385 1347 Ordinibus
1424 1296 1645 1345 hafienus
1682 1296 1934 1364 publicatis
1979 1303 2099 1348 anti-

1119 1370 1260 1434 quior
1287 1367 1381 1426 est,
1418 1367 1475 1417 de
1507 1372 1638 1429 cujus
1666 1366 1900 1415 vetustate
1931 1373 2028 1430 jam
2051 1372 2099 1420 in

1123 1439 1351 1506 peculiari
1381 1437 1539 1487 nostro
1563 1437 1793 1486 Trastatu
1816 1438 1870 1486 de
1892 1440 2100 1503 conjeHu—

1117 1515 1184 1560 ris
1199 1510 1382 1573 Azymi,
1415 1519 1469 1559 (9¹
1500 1508 1766 1558 fermentati
1790 1524 1978 1575 cap.13.
2004 1513 2099 1578 egi-

1123 1598 1225 1629 mus
1242 1612 1253 1624 .
1275 1582 1472 1648 Legitur
1492 1580 1539 1625 in
1561 1579 1732 1628 eodem
1747 1580 1951 1636 Ordine,
1969 1581 2097 1645 quod

1123 1650 1366 1719 postquam
1387 1667 1468 1713 per
1491 1651 1762 1696 Diaconum
1783 1649 1975 1698 dietum·
1993 1648 2097 1699 fue-

1125 1723 1217 1775 rit,
1254 1718 1483 1786 Sequentia
1511 1717 1559 1766 S.
1591 1717 1839 1788 Evangelii
1863 1720 2102 1785 secundum

1127 1791 1285 1841 Lucam
1302 1825 1317 1846 ,
1342 1787 1438 1837 five
1459 1789 1549 1838 ἃς.
1572 1788 1621 1836 ὃς
1640 1788 1767 1837 idem
1787 1789 2026 1837 Diaconus
2054 1788 2101 1840 se

1124 1859 1379 1926 signaverit
1412 1856 1543 1925 signo
1572 1860 1724 1910 crucis
1754 1862 1802 1905 in
1832 1856 2019 1915 fronte,
2050 1862 2101 1910 &

1124 1930 1170 1975 in
1202 1929 1390 1994 peciore
1405 1962 1422 1984 ,
1446 1925 1751 1993 similiterque
1774 1928 1821 1976 id
1842 1927 2101 1996 Episcopus

1121 1995 1303 2055 fecerit,
1331 1998 1380 2046 &
1398 1992 1551 2044 omnis
1578 2000 1804 2063 populus,
1833 1999 1989 2048 Baculi
2014 2020 2098 2050 om-

1125 2075 1243 2118 nium
1273 2069 1536 2133 deponuntur
1554 2068 1607 2116 de
1626 2068 1820 2116 manibus
1838 2090 1850 2126 3
1872 2074 1925 2117 θ’
1942 2073 1990 2116 in
2007 2073 2099 2139 iffi

1123 2143 1225 2189 hora
1243 2146 1369 2206 neque
1387 2155 1533 2185 corona
1549 2172 1564 2192 ,
1584 2145 1710 2205 neque
1728 2140 1853 2187 aliud
1864 2145 2096 2203 operimen-

1123 2229 1212 2260 tum
1219 2211 1348 2277 super
1365 2213 1506 2274 capita
1525 2227 1662 2257 eorum
1681 2208 1859 2257 habetur
1882 2245 1893 2255 .
1912 2211 1982 2256 Ex
2003 2229 2097 2275 quo

1123 2279 1277 2329 obiter
1301 2280 1473 2340 conjici
1496 2275 1615 2344 posse
1641 2280 1819 2344 liquet,
1846 2280 2029 2328 Fideles
2048 2282 2096 2328 in

1121 2348 1339 2400 Ecclefiis
1359 2350 1484 2399 teoto
1499 2351 1651 2415 capite
1669 2346 1871 2397 extitisse
1888 2384 1902 2405 ‚
1930 2346 2097 2397 frustra

1119 2423 1246 2470 enim
1268 2421 1423 2488 capita
1437 2426 1534 2482 jam
1553 2419 1728 2468 nudata
1746 2422 1989 2467 Romanus
2003 2422 2094 2469 Or.-

1117 2491 1179 2540 do
1195 2492 1360 2539 nudari
1381 2487 1568 2552 juffiffet
1590 2525 1601 2535 .

1189 2566 1244 2611 ln
1266 2563 1414 2609 altero
1435 2558 1553 2608 vero
1573 2557 1789 2617 Ordine,
1814 2561 1894 2624 qui
1928 2561 2097 2627 incipit

1117 2630 1170 2680 In
1193 2635 1365 2701 Vigilia
1381 2631 1563 2681 Natalis
1588 2631 1800 2687 Domini,
1827 2629 1909 2676 ubi
1938 2632 2096 2698 agitur

1116 2702 1174 2751 de
1197 2704 1260 2750 iv.
1277 2700 1389 2751 feria
1410 2698 1791 2767 Qiadragefimae
1806 2727 1837 2755 ,=
1857 2718 1955 2766 quae
1980 2701 2096 2748 iacti

1107 2774 1287 2842 Jejunii
1317 2785 1458 2837 caput
1479 2769 1561 2827 est,
1580 2767 1640 2817 fic
1656 2770 1938 2818 enunciatur
1958 2791 1969 2818 :
1989 2773 2097 2822 Cum

1116 2843 1319 2893 Sacerdos
1333 2843 1564 2910 susceperit
1583 2846 1856 2904 paenitentem
1882 2875 1896 2897 ,
1915 2840 1969 2909 st
1986 2840 2094 2890 Las·-

1119 2933 1188 2961 cus
1227 2913 1327 2969 es‘Z,
1360 2911 1529 2977 climiſjb
1561 2909 1732 2972 bacul03
1767 2912 1956 2979 quisquis
1989 2916 2095 2958 vero

1121 2985 1198 3032 ille
1216 2983 1282 3031 esf}
1300 3018 1315 3039 ‚
1324 2982 1433 3050 five
1448 2982 1607 3030 Laicus
1624 2981 1751 3049 ,stve
1769 2984 1976 3034 Clericus,
1982 2978 2091 3045 five

1120 3053 1361 3103 Monachus
1382 3089 1396 3109 ,
1418 3054 1676 3121 suppliciter
1704 3054 1884 3100 inclinet
1915 3050 1967 3114 β’
1994 3064 2094 3097 ante

1120 3124 1384 3173 Sacerdotem
1412 3144 1422 3171 :
1449 3139 1549 3188 quae
1574 3120 1718 3169 verba
1748 3118 1974 3167 videntur
1995 3135 2091 3166 am-

1124 3193 1262 3261 bigua
1281 3231 1295 3252 ,
1316 3191 1425 3241 cum
1445 3211 1501 3241 ex
1523 3193 1613 3242 illis
1634 3203 1731 3238 tam
1753 3188 1881 3235 Laici
1900 3223 1916 3245 ,
1949 3189 2092 3254 quam

1981 3258 2091 3305 Cle-
