2425 3747
758 222 798 273 c
866 194 1025 272 A'P
1098 223 1145 276 z)
1217 220 1290 272 T·
1363 221 1554 273 XIX:

128 286 725 357 moliumPyramidalium
745 292 791 337 in
813 288 947 342 Urbe
973 290 1095 339 testi-

126 358 318 414 monia,
341 376 541 424 quarum
560 376 651 405 una
680 361 831 409 adhuc
860 359 1001 409 hodie
1032 362 1089 409 ad

125 426 318 475 Portam
338 426 601 479 Ostiensem
617 464 633 486 ,
655 430 802 496 vulg&
819 430 971 479 sanai
985 432 1092 483 Pau-

123 497 193 553 li,
227 497 540 568 conspicitur,
572 496 654 546 ubi
682 501 875 568 ingens,
914 502 1085 548 imma-

122 563 287 632 nisque
312 566 524 636 lapidum
547 569 886 635 quadratorum
915 588 974 619 ex
1000 573 1085 617 Pa-

123 636 196 683 rio
224 653 456 687 marmore
486 637 667 707 aggesta
698 640 912 688 machina
943 635 1083 687 assur-

120 707 233 772 git,
262 705 533 776 Pyr-amidis
554 708 754 777 speciem
772 708 973 758 referens
987 745 1003 767 ,
1038 711 1087 758 ὃς

121 776 230 838 Caji
249 775 397 826 Cestii
428 780 580 827 titulis
608 778 866 848 insculpta,
903 797 1085 846 quam-2

120 845 398 896 Alexander
430 852 549 899 VII.
579 849 715 898 Pont.
737 854 870 899 Max.
899 850 957 899 de
983 852 1083 903 Ur-

120 911 190 962 bis
205 915 551 986 magnificentia
571 919 711 969 valde
731 918 941 969 solicitus
954 955 970 977 ,
993 921 1086 987 pri-

116 983 240 1033 stino
266 990 409 1037 nitori
436 988 670 1047 restituit,
707 989 818 1039 cum
840 1002 1052 1039 terram-2
1068 1025 1083 1047 ,

117 1072 218 1121 quae
237 1060 445 1108 maxima
461 1061 509 1107 in
526 1074 656 1128 parte
672 1059 983 1127 Pyramidem
1005 1059 1084 1109 ob-

116 1123 316 1188 ruebat,
349 1129 442 1177 alio
471 1130 699 1197 asportari
725 1127 916 1180 fecerit:
948 1132 997 1180 &
1016 1133 1083 1178 in-

115 1192 251 1263 super
269 1197 378 1247 cum
398 1199 563 1249 eadem
583 1201 744 1247 multis
764 1202 812 1246 in
833 1201 945 1247 locis
963 1214 1082 1248 tem-

116 1267 242 1334 poris
271 1270 452 1332 injuriis
485 1268 725 1317 devastata
760 1265 868 1317 esset
893 1303 909 1325 ,
946 1272 1082 1317 novis

113 1352 410 1386 marmorum
438 1336 775 1406 supplementis
811 1340 1078 1406 reparavit.

113 1402 262 1474 Ipfius
280 1409 552 1475 Pyramidis
573 1406 687 1457 bafis
715 1409 882 1476 palmis
902 1411 1077 1456 Roma-

113 1480 396 1528 niscirciter
418 1499 435 1528 1
450 1494 527 1539 35.
547 1480 843 1546 expatiatur,
871 1478 1076 1526 altitudo

112 1548 228 1596 vero
258 1549 316 1597 ad
350 1550 529 1618 palmos
567 1568 677 1610 150.
708 1550 927 1598 evehitur
950 1585 960 1596 .
1000 1552 1077 1597 In-

111 1615 315 1666 trorsum
333 1633 661 1667 concamerata
682 1619 746 1668 est
757 1655 774 1677 ,
794 1615 1078 1686 picturisque

110 1690 254 1736 variis
282 1686 471 1756 sparfim
499 1702 778 1757 perornata,
808 1706 922 1754 quas
933 1690 1076 1738 Oc‘ta-

111 1758 218 1806 vius
238 1761 538 1808 Falconerius
556 1756 831 1806 clariffimus
846 1760 965 1815 Vir,
982 1771 1079 1804 tan-

107 1847 252 1896 quam
281 1847 397 1897 opus
426 1827 659 1877 memoria
691 1827 888 1894 dignum
907 1864 922 1885 ,
959 1828 1080 1875 deli-

108 1898 311 1947 neandas
327 1899 513 1946 curavit
530 1933 545 1954 ,
569 1917 620 1945 ac
636 1894 954 1946 dissertatione
973 1898 1079 1944 illu-

108 1968 300 2026 stravit,
326 1986 425 2033 quae
448 1966 646 2015 habetur
666 1966 791 2034 apud
808 1967 1080 2014 Nardinum

108 2041 157 2086 in
175 2037 256 2087 lib.
275 2038 344 2089 De
359 2039 494 2088 Roma
510 2042 685 2104 antiqua
703 2036 760 2083 ad
777 2038 955 2087 calcem
974 2054 1081 2104 ope·-

109 2112 171 2157 ris
190 2145 200 2155 .
228 2111 386 2171 Hujus
405 2108 674 2176 Pyramidis
691 2107 876 2156 iconem
892 2105 1077 2177 praebeo

107 2181 158 2226 in
174 2180 273 2248 Fig.
299 2193 342 2236 3.
881 2180 885 2199 ³

108 2274 114 2278 ·
176 2252 402 2298 Alterum
423 2250 727 2319 Pyramidale
746 2247 895 2302 Urbis
917 2249 1072 2297 moni·

105 2333 321 2369 mentum
351 2320 415 2370 est
442 2357 458 2379 ,
493 2321 619 2387 quod
658 2320 888 2386 Scipionis
917 2316 1070 2386 sepul-

105 2391 272 2437 chrum
286 2387 417 2439 fuiffe
435 2388 707 2458 Antiquarii
725 2402 999 2446 autumant,
1019 2407 1072 2436 ac

103 2461 250 2528 prope
287 2461 582 2509 Hadrianam
620 2462 802 2509 molem
839 2453 1072 2510 extitisse„

103 2530 423 2579 conveniunt.
462 2532 657 2580 Mallius
686 2544 846 2579 tamen
872 2530 1071 2576 Romuli

103 2602 345 2649 tumulum
365 2599 551 2658 credit,
574 2602 623 2650 ὃς
643 2602 842 2650 Metam*
856 2597 1073 2648 denomi-

101 2685 268 2719 natum
296 2669 427 2721 fuiffe
460 2669 698 2728 affirmat,
719 2686 916 2717 necnon
946 2686 1071 2714 mar-

102 2741 314 2789 moribus
346 2739 661 2810 despoliatum
694 2739 752 2787 ad
785 2739 1070 2790 constituen-

103 2811 455 2860 dosVaticanae
487 2809 693 2860 Bafilicae
723 2809 925 2877 gradus,
955 2825 1070 2873 quos

101 2883 449 2949 Symmachum
474 2879 756 2930 Pontificem
775 2877 1069 2927 construxis-

99 2951 145 3001 se
166 2950 326 2999 narrat
339 2950 731 3000 Bibliothecari'us
747 2988 760 2998 .

108 3047 112 3052 ·
180 3021 327 3070 Porro
360 3024 689 3070 Romanorum
715 3020 1067 3090 magnificentia

100 3109 204 3138 non·
231 3089 417 3139 tantum
454 3089 676 3155 eousque·
701 3090 920 3158 proceffit
949 3125 965 3147 ,
1013 3102 1067 3135 Ut

96 3158 454 3210 Mausoleoru'm
483 3160 890 3229 Pyramidumque
921 3157 1064 3208 secta-

99 3232 191 3279 trix
226 3230 630 3294 atque‘imitatrix
665 3229 943 3292 diceretur-3
980 3247 1061 3278 ve-

167 3299 314 3353 ParJ.

2020 239 2080 278 16
2080 249 2114 289 9

1146 288 1252 339 rum
1276 294 1421 340 etiam
1452 293 1568 342 adeo
1601 311 1812 361 proceras
1841 297 1890 345 &
1917 298 2112 346 immen-

1144 360 1208 409 sas
1223 364 1465 411 columnas
1480 365 1782 413 architectata
1799 364 1881 422 est,
1898 379 1952 411 ut
1969 368 2110 433 AEgy—

1146 435 1354 500 ptiacum
1371 431 1537 481 fastum
1560 432 1800 484 excefferit
1818 471 1833 492 ,
1860 453 1911 482 ac
1930 431 2111 502 supera-

1141 503 1291 549 verit.
1332 505 1420 551 Hae
1442 504 1672 553 columnae
1692 503 1998 553 celeberrima
2025 505 2108 554 dea

1139 569 1412 620 funestorum
1442 570 1564 640 gesta
1602 576 1870 642 anaglypha}
1904 573 2109 642 expressa

1139 638 1342 690 exterius
1362 640 1741 708 praeleferebant:
1760 643 2011 693 introrsum
2029 663 2109 692 au-

1140 724 1238 759 tem
1257 709 1550 758 cochlidibus
1571 712 1705 762 scalis
1723 728 1949 771 arcuatae,
1969 714 2106 763 eous-

1139 797 1229 847 que
1256 794 1590 829 concameratae
1616 797 1748 830 erant
1767 819 1783 840 ,
1821 798 1874 831 ut
1895 785 1952 832 ad
1978 783 2104 832 sum—

1141 851 1359 899 mitatem
1381 848 1625 899 ascendere
1645 852 1837 919 quisque
1864 851 2103 903 valuiffet.

1138 924 1248 968 Duo
1275 922 1332 968 ad
1357 918 1550 987 praesens
1566 939 1767 988 operum
1788 937 1883 970 tam
1904 923 2105 972 admira-

1127 989 1304 1051 bilium
1325 990 1517 1043 Urbi&
1538 991 1658 1040 Orbi
1684 990 1928 1060 spectanda
1949 992 2105 1061 super-

1134 1057 1269 1118 sunt,
1297 1078 1500 1127 quorum
1520 1079 1668 1109 unum
1685 1063 1744 1110 ad
1759 1064 2019 1130 Qiirinalis
2038 1082 2104 1111 ra-

1135 1129 1259 1178 dices
1276 1133 1568 1179 contermina
1587 1131 1794 1198 undique
1815 1131 2008 1181 aedificia
2034 1133 2101 1180 su·-

1136 1203 1426 1268 pereminet,
1455 1202 1503 1250 &
1525 1203 1733 1252 Columna
1759 1202 1948 1266 Trajani
1979 1203 2103 1250 indi-

1133 1272 1310 1335 g‘tatur
1327 1307 1342 1328 ,
1367 1271 1553 1336 eoquod
1575 1271 1780 1333 Trajano
1803 1270 2018 1340 Augusto
2041 1272 2103 1319 saa

1133 1356 1262 1386 cram
1283 1341 1411 1387 tituli
1442 1340 1718 1407 perhibent.
1760 1345 1815 1389 In
1843 1359 1894 1389 ea
1923 1339 2101 1408 speeta-

1133 1407 1218 1456 bili
1246 1411 1573 1478 anaglyptices
1590 1407 1780 1478 opificio
1805 1412 1968 1458 Dacici
1988 1409 2102 1460 belli

1133 1478 1322 1527 historia
1349 1481 1591 1548 eleganter
1607 1516 1623 1537 ,
1660 1479 1967 1548 ordinatEque
1989 1499 2098 1529 con-

1132 1546 1326 1616 spicitur
1341 1586 1356 1607 ,
1377 1551 1425 1600 &
1446 1551 1646 1599 victoria
1665 1550 1722 1599 de
1741 1554 1872 1619 Rege
1893 1550 2100 1600 Deceba-

1132 1619 1179 1667 lo
1208 1621 1388 1678 relata,
1425 1626 1558 1682 cujus
1591 1619 1866 1668 historicum
1901 1624 2102 1690 syntag-

1131 1706 1209 1735 ma
1246 1690 1408 1737 Latin„2
1444 1690 1596 1737 edidit
1625 1689 1896 1755 Alphonsus
1930 1692 2100 1740 Ciaco-

1132 1759 1261 1818 nius3
1289 1760 1337 1808 ὃς
1359 1776 1507 1826 nuper
1533 1761 1579 1805 in
1602 1759 1818 1807 Italicam
1843 1760 2101 1828 linguam-⁴

1132 1841 1310 1886 vertit,
1342 1848 1393 1876 ac
1412 1830 1537 1876 :freis
1557 1825 1804 1877 Iconismis
1819 1864 1836 1885 ,
1865 1829 2099 1898 variisque

1137 1897 1517 1945 Numil'matibus
1530 1934 1546 1956 ,
1570 1900 1618 1947 ὃ(
1634 1896 2015 1966 Inscriptionibus
2034 1904 2099 1950 lo*

1133 1969 1401 2035 cupletavit
1427 1967 1659 2015 eruditiss.
1672 1970 1747 2035 Jo:
1761 1969 1920 2017 Petrus
1938 1973 2096 2020 Bello-

1133 2039 1254 2095 rius,
1289 2036 1592 2085 Bibliothecae
1611 2036 1828 2086 Sereniss.
1851 2039 2097 2091 Christinae

1132 2110 1403 2156 Svaecorum
1421 2110 1609 2174 Reginae
1625 2106 1819 2166 Custos,
1838 2107 1986 2176 deque
2004 2114 2097 2160 Re-

1130 2177 1316 2246 publica
1353 2179 1560 2226 literaria
1596 2177 1739 2226 valde
1779 2176 2096 2231 benemeritus

1126 2246 1187 2296 ob
1208 2249 1495 2316 peculiarem
1515 2248 1812 2313 antiquarum
1833 2265 1994 2296 rerum
2015 2269 2095 2299 co-

1124 2321 1422 2385 gnitionem,
1439 2319 1488 2367 ὃ(
1509 2318 1555 2363 in
1576 2316 1656 2366 suo
1677 2319 1888 2366 Cimelio
1913 2317 2096 2368 conser-

1129 2391 1369 2438 vationem
1391 2409 1402 2438 ε
1443 2406 1493 2436 ac
1516 2385 1761 2454 postremo
1786 2385 1897 2455 saep}
1928 2390 2093 2438 lauda-

1124 2469 1194 2506 tus
1213 2458 1420 2526 Raphael
1442 2456 1688 2506 Fabrettus
1707 2459 1968 2507 innumeris
1992 2461 2097 2509 aliis

1124 2527 1471 2578 eruditionibus
1502 2526 1658 2576 denuo
1689 2527 1972 2585 illustravit,
2010 2548 2092 2578 au-

1123 2599 1286 2664 xitque
1316 2597 1560 2647 historiam
1586 2599 1632 2643 in
1651 2597 1732 2646 suo
1752 2598 1821 2648 De
1845 2601 2094 2653 Columna-2

1124 2665 1314 2733 Trqjani
1343 2671 1656 2736 Syntagmate
1676 2704 1687 2714 .
1727 2671 1784 2717 In
1819 2666 2094 2720 summitate

1125 2738 1260 2802 hujus
1289 2741 1538 2788 Columnae
1568 2733 1758 2805 assurgit
1787 2757 1907 2787 aenea
1933 2743 2094 2789 Statua

1124 2809 1298 2857 S.Petri
1313 2845 1327 2865 ,
1343 2812 1368 2857 a
1384 2811 1579 2856 Summo
1601 2805 1828 2856 Pontifice
1849 2808 2008 2876 Xysto
2026 2816 2089 2860 V.

1122 2877 1188 2925 ibi
1208 2879 1436 2927 collocata
1450 2914 1466 2936 ,
1492 2892 1544 2925 ut
1565 2875 1731 2926 vifitur
1749 2879 1797 2925 in
1816 2878 1936 2927 Tab.
1954 2882 2086 2930 XLI.

1120 2950 1222 3017 Fig.
1250 2967 1290 2996 ι,

1189 3020 1415 3066 Alterum
1442 3020 1687 3087 egregium
1717 3037 1834 3087 opus
1854 3056 1869 3076 ,
1901 3017 1996 3066 five
2024 3020 2086 3065 al-

1119 3102 1216 3136 tera
1251 3086 1431 3137 excelsa
1468 3093 1707 3138 Columna
1737 3125 1752 3145 ,
1788 3107 1886 3154 quae
1922 3092 2087 3135 Romae

1117 3158 1405 3227 conspicitur
1431 3194 1447 3215 ,
1487 3159 1550 3208 est
1582 3162 1630 3206 in
1660 3160 1816 3205 Platea
1840 3192 1856 3212 ,
1894 3173 1993 3222 quae
2026 3156 2084 3204 ab

1115 3230 1283 3278 eadem
1313 3229 1647 3277 denominatur
1673 3262 1681 3271 .
1722 3227 1957 3274 Columna
1989 3226 2085 3274 haee

1623 3298 1667 3344 Y
1950 3298 2081 3342 Mar-
