<?xml version="1.0" encoding="UTF-8"?>
<!DOCTYPE html PUBLIC "-//W3C//DTD XHTML 1.0 Transitional//EN"
    "http://www.w3.org/TR/xhtml1/DTD/xhtml1-transitional.dtd">
<html xmlns="http://www.w3.org/1999/xhtml" xml:lang="en" lang="en">
 <head>
  <title>
</title>
<meta http-equiv="Content-Type" content="text/html;charset=utf-8" />
  <meta name='ocr-system' content='tesseract 3.04.00' />
  <meta name='ocr-capabilities' content='ocr_page ocr_carea ocr_par ocr_line ocrx_word'/>
</head>
<body>
  <div class='ocr_page' id='page_1' title='image "./joannisciampinir01ciam_0409.png"; bbox 0 0 2482 3742; ppageno 0'>
   <div class='ocr_carea' id='block_1_1' title="bbox 127 258 1115 3274">
    <p class='ocr_par' dir='ltr' id='par_1_1' title="bbox 127 258 1115 1575">
     <span class='ocr_line' id='line_1_1' title="bbox 150 258 1114 328; baseline -0.008 -16"><span class='ocrx_word' id='word_1_1' title='bbox 150 267 245 319; x_wconf 59' lang='lat' dir='ltr'><strong>ris,‘</strong></span> <span class='ocrx_word' id='word_1_2' title='bbox 281 278 373 309; x_wconf 89' lang='lat' dir='ltr'><strong>non</strong></span> <span class='ocrx_word' id='word_1_3' title='bbox 402 261 622 328; x_wconf 80' lang='lat' dir='ltr'><strong>exiguam</strong></span> <span class='ocrx_word' id='word_1_4' title='bbox 652 258 864 328; x_wconf 80' lang='lat' dir='ltr'><strong>praestitit</strong></span> <span class='ocrx_word' id='word_1_5' title='bbox 892 276 1114 327; x_wconf 78' lang='lat' dir='ltr'>operam,</span> 
     </span>
     <span class='ocr_line' id='line_1_2' title="bbox 145 327 1115 396; baseline -0.006 -12"><span class='ocrx_word' id='word_1_6' title='bbox 145 348 201 384; x_wconf 82' lang='lat' dir='ltr'><strong>ut</strong></span> <span class='ocrx_word' id='word_1_7' title='bbox 220 330 456 382; x_wconf 74' lang='lat' dir='ltr'><strong>sacrorum</strong></span> <span class='ocrx_word' id='word_1_8' title='bbox 484 330 722 396; x_wconf 83' lang='lat' dir='ltr'><strong>parietum</strong></span> <span class='ocrx_word' id='word_1_9' title='bbox 743 330 896 377; x_wconf 88' lang='lat' dir='ltr'><strong>cultus</strong></span> <span class='ocrx_word' id='word_1_10' title='bbox 926 327 1115 378; x_wconf 87' lang='lat' dir='ltr'><strong>nitesce-</strong></span> 
     </span>
     <span class='ocr_line' id='line_1_3' title="bbox 146 396 1112 468; baseline -0.004 -17"><span class='ocrx_word' id='word_1_11' title='bbox 146 415 247 454; x_wconf 75' lang='lat' dir='ltr'><strong>ret:</strong></span> <span class='ocrx_word' id='word_1_12' title='bbox 286 398 517 466; x_wconf 76' lang='lat' dir='ltr'><strong>siquidem</strong></span> <span class='ocrx_word' id='word_1_13' title='bbox 549 396 712 455; x_wconf 76' lang='lat' dir='ltr'><strong>(luasu</strong></span> <span class='ocrx_word' id='word_1_14' title='bbox 734 401 777 447; x_wconf 80' lang='lat' dir='ltr'><strong>S.</strong></span> <span class='ocrx_word' id='word_1_15' title='bbox 795 400 962 450; x_wconf 83' lang='lat' dir='ltr'>Leonis</span> <span class='ocrx_word' id='word_1_16' title='bbox 981 400 1112 468; x_wconf 72' lang='lat' dir='ltr'><strong>Papae</strong></span> 
     </span>
     <span class='ocr_line' id='line_1_4' title="bbox 146 470 1112 537; baseline -0.001 -21"><span class='ocrx_word' id='word_1_17' title='bbox 146 473 283 535; x_wconf 84' lang='lat' dir='ltr'><strong>hujus</strong></span> <span class='ocrx_word' id='word_1_18' title='bbox 303 470 502 518; x_wconf 85' lang='lat' dir='ltr'><strong>nominis</strong></span> <span class='ocrx_word' id='word_1_19' title='bbox 531 471 610 532; x_wconf 85' lang='lat' dir='ltr'><strong>I.)</strong></span> <span class='ocrx_word' id='word_1_20' title='bbox 640 473 823 522; x_wconf 86' lang='lat' dir='ltr'><strong>Arcum</strong></span> <span class='ocrx_word' id='word_1_21' title='bbox 847 470 1112 537; x_wconf 80' lang='lat' dir='ltr'><strong>triumplia-</strong></span> 
     </span>
     <span class='ocr_line' id='line_1_5' title="bbox 149 535 1111 609; baseline -0.004 -19"><span class='ocrx_word' id='word_1_22' title='bbox 149 543 243 591; x_wconf 88' lang='lat' dir='ltr'><strong>lem</strong></span> <span class='ocrx_word' id='word_1_23' title='bbox 259 535 452 595; x_wconf 83' lang='lat' dir='ltr'><strong>Mufivo</strong></span> <span class='ocrx_word' id='word_1_24' title='bbox 470 539 663 607; x_wconf 70' lang='lat' dir='ltr'><strong>pisturae</strong></span> <span class='ocrx_word' id='word_1_25' title='bbox 683 556 851 609; x_wconf 84' lang='lat' dir='ltr'><strong>genere</strong></span> <span class='ocrx_word' id='word_1_26' title='bbox 870 540 1082 587; x_wconf 81' lang='lat' dir='ltr'><strong>excoluit</strong></span> <span class='ocrx_word' id='word_1_27' title='bbox 1095 573 1111 594; x_wconf 91' lang='lat'>,</span> 
     </span>
     <span class='ocr_line' id='line_1_6' title="bbox 147 606 1112 680; baseline -0.002 -23"><span class='ocrx_word' id='word_1_28' title='bbox 147 628 232 680; x_wconf 88' lang='lat' dir='ltr'><strong>pro</strong></span> <span class='ocrx_word' id='word_1_29' title='bbox 259 624 310 657; x_wconf 90' lang='lat' dir='ltr'><strong>ut</strong></span> <span class='ocrx_word' id='word_1_30' title='bbox 339 610 463 657; x_wconf 87' lang='lat' dir='ltr'><strong>illius</strong></span> <span class='ocrx_word' id='word_1_31' title='bbox 486 609 863 676; x_wconf 80' lang='lat' dir='ltr'><strong>reliquiae&#39;adhuc</strong></span> <span class='ocrx_word' id='word_1_32' title='bbox 895 606 1112 677; x_wconf 85' lang='lat' dir='ltr'><strong>supersti—</strong></span> 
     </span>
     <span class='ocr_line' id='line_1_7' title="bbox 149 677 1111 748; baseline -0.005 -20"><span class='ocrx_word' id='word_1_33' title='bbox 149 695 215 730; x_wconf 84' lang='lat' dir='ltr'><strong>tes</strong></span> <span class='ocrx_word' id='word_1_34' title='bbox 243 679 398 748; x_wconf 65' lang='lat' dir='ltr'><strong>apert&amp;</strong></span> <span class='ocrx_word' id='word_1_35' title='bbox 435 677 690 740; x_wconf 86' lang='lat' dir='ltr'><strong>testantur.</strong></span> <span class='ocrx_word' id='word_1_36' title='bbox 729 680 838 729; x_wconf 88' lang='lat' dir='ltr'><strong>Illas</strong></span> <span class='ocrx_word' id='word_1_37' title='bbox 868 678 941 726; x_wconf 88' lang='lat' dir='ltr'><strong>hic</strong></span> <span class='ocrx_word' id='word_1_38' title='bbox 976 679 1111 745; x_wconf 88' lang='lat' dir='ltr'><strong>depi-</strong></span> 
     </span>
     <span class='ocr_line' id='line_1_8' title="bbox 145 745 1109 814; baseline 0 -17"><span class='ocrx_word' id='word_1_39' title='bbox 145 751 238 804; x_wconf 69' lang='lat' dir='ltr'><strong>(stas</strong></span> <span class='ocrx_word' id='word_1_40' title='bbox 253 745 470 799; x_wconf 90' lang='lat' dir='ltr'><strong>consule.</strong></span> <span class='ocrx_word' id='word_1_41' title='bbox 498 749 648 811; x_wconf 63' lang='lat' dir='ltr'><strong>Arcus</strong></span> <span class='ocrx_word' id='word_1_42' title='bbox 676 746 885 814; x_wconf 88' lang='lat' dir='ltr'><strong>ejusdem</strong></span> <span class='ocrx_word' id='word_1_43' title='bbox 915 750 1109 804; x_wconf 82' lang='lat' dir='ltr'><strong>Ic&#39;onern</strong></span> 
     </span>
     <span class='ocr_line' id='line_1_9' title="bbox 144 817 1107 887; baseline -0.002 -20"><span class='ocrx_word' id='word_1_44' title='bbox 144 818 417 873; x_wconf 79' lang='lat' dir='ltr'>Hadrianus</span> <span class='ocrx_word' id='word_1_45' title='bbox 433 820 553 887; x_wconf 83' lang='lat' dir='ltr'><strong>Papa</strong></span> <span class='ocrx_word' id='word_1_46' title='bbox 578 817 804 877; x_wconf 72' lang='lat' dir='ltr'><strong>describit</strong></span> <span class='ocrx_word' id='word_1_47' title='bbox 832 821 880 866; x_wconf 91' lang='lat' dir='ltr'><strong>in</strong></span> <span class='ocrx_word' id='word_1_48' title='bbox 901 817 1041 885; x_wconf 79' lang='lat' dir='ltr'><strong>Epist.</strong></span> <span class='ocrx_word' id='word_1_49' title='bbox 1065 832 1107 875; x_wconf 84' lang='lat'><strong>3.</strong></span> 
     </span>
     <span class='ocr_line' id='line_1_10' title="bbox 143 886 1113 958; baseline -0.003 -21"><span class='ocrx_word' id='word_1_50' title='bbox 143 890 203 943; x_wconf 86' lang='lat' dir='ltr'><strong>ad</strong></span> <span class='ocrx_word' id='word_1_51' title='bbox 224 891 452 946; x_wconf 83' lang='lat' dir='ltr'><strong>Carolum</strong></span> <span class='ocrx_word' id='word_1_52' title='bbox 471 894 705 958; x_wconf 86' lang='lat' dir='ltr'><strong>Magnum</strong></span> <span class='ocrx_word' id='word_1_53' title='bbox 721 925 738 947; x_wconf 91' lang='lat'><strong>,</strong></span> <span class='ocrx_word' id='word_1_54' title='bbox 758 886 837 937; x_wconf 91' lang='lat' dir='ltr'><strong>ubi</strong></span> <span class='ocrx_word' id='word_1_55' title='bbox 861 890 909 936; x_wconf 89' lang='lat' dir='ltr'><strong>in</strong></span> <span class='ocrx_word' id='word_1_56' title='bbox 928 887 1113 956; x_wconf 84' lang='lat' dir='ltr'><strong>respon-</strong></span> 
     </span>
     <span class='ocr_line' id='line_1_11' title="bbox 143 957 1110 1029; baseline -0.003 -21"><span class='ocrx_word' id='word_1_57' title='bbox 143 957 270 1013; x_wconf 79' lang='lat' dir='ltr'><strong>sione</strong></span> <span class='ocrx_word' id='word_1_58' title='bbox 297 960 355 1008; x_wconf 90' lang='lat' dir='ltr'><strong>ad</strong></span> <span class='ocrx_word' id='word_1_59' title='bbox 374 962 662 1029; x_wconf 86' lang='lat' dir='ltr'><strong>interrogata</strong></span> <span class='ocrx_word' id='word_1_60' title='bbox 680 962 727 1008; x_wconf 90' lang='lat' dir='ltr'><strong>in</strong></span> <span class='ocrx_word' id='word_1_61' title='bbox 745 959 954 1008; x_wconf 58' lang='lat' dir='ltr'><strong>Aetione</strong></span> <span class='ocrx_word' id='word_1_62' title='bbox 974 964 1036 1009; x_wconf 86' lang='lat' dir='ltr'><strong>V.</strong></span> <span class='ocrx_word' id='word_1_63' title='bbox 1056 957 1110 1007; x_wconf 83' lang='lat' dir='ltr'><strong>In</strong></span> 
     </span>
     <span class='ocr_line' id='line_1_12' title="bbox 142 1029 1107 1098; baseline -0.004 -18"><span class='ocrx_word' id='word_1_64' title='bbox 142 1029 330 1098; x_wconf 63' lang='lat' dir='ltr'><strong>Bqfilica</strong></span> <span class='ocrx_word' id='word_1_65' title='bbox 360 1030 566 1098; x_wconf 84' lang='lat' dir='ltr'><strong>(inquit)</strong></span> <span class='ocrx_word' id='word_1_66' title='bbox 587 1032 644 1081; x_wconf 91' lang='lat' dir='ltr'><strong>B.</strong></span> <span class='ocrx_word' id='word_1_67' title='bbox 662 1032 818 1091; x_wconf 72' lang='lat' dir='ltr'><strong>Pauli,</strong></span> <span class='ocrx_word' id='word_1_68' title='bbox 849 1030 985 1079; x_wconf 83' lang='lat' dir='ltr'><strong>S.Leo</strong></span> <span class='ocrx_word' id='word_1_69' title='bbox 1003 1030 1107 1095; x_wconf 75' lang='lat' dir='ltr'><strong>&lt;qui</strong></span> 
     </span>
     <span class='ocr_line' id='line_1_13' title="bbox 141 1098 1107 1164; baseline 0.001 -17"><span class='ocrx_word' id='word_1_70' title='bbox 141 1100 317 1149; x_wconf 58' lang='lat' dir='ltr'><strong>electus</strong></span> <span class='ocrx_word' id='word_1_71' title='bbox 334 1098 427 1152; x_wconf 82' lang='lat' dir='ltr'><strong>fuit</strong></span> <span class='ocrx_word' id='word_1_72' title='bbox 445 1119 562 1151; x_wconf 90' lang='lat' dir='ltr'><strong>anno</strong></span> <span class='ocrx_word' id='word_1_73' title='bbox 582 1120 698 1164; x_wconf 86' lang='lat'>440.</span> <span class='ocrx_word' id='word_1_74' title='bbox 717 1111 737 1164; x_wconf 91' lang='lat'>)</span> <span class='ocrx_word' id='word_1_75' title='bbox 768 1102 930 1150; x_wconf 83' lang='lat' dir='ltr'><strong>Arcum</strong></span> <span class='ocrx_word' id='word_1_76' title='bbox 947 1099 1107 1149; x_wconf 81' lang='lat' dir='ltr'><em>ibidem</em></span> 
     </span>
     <span class='ocr_line' id='line_1_14' title="bbox 142 1169 1110 1238; baseline 0 -19"><span class='ocrx_word' id='word_1_77' title='bbox 142 1176 342 1236; x_wconf 80' lang='lat' dir='ltr'><strong>majorem</strong></span> <span class='ocrx_word' id='word_1_78' title='bbox 356 1169 556 1238; x_wconf 74' lang='lat' dir='ltr'><strong>ficiens,</strong></span> <span class='ocrx_word' id='word_1_79' title='bbox 593 1174 647 1220; x_wconf 69' lang='lat'><strong>&amp;⁵</strong></span> <span class='ocrx_word' id='word_1_80' title='bbox 673 1177 721 1219; x_wconf 77' lang='lat' dir='ltr'><strong>in</strong></span> <span class='ocrx_word' id='word_1_81' title='bbox 748 1169 942 1237; x_wconf 80' lang='lat' dir='ltr'><strong>Mustvo</strong></span> <span class='ocrx_word' id='word_1_82' title='bbox 963 1171 1110 1238; x_wconf 84' lang='lat' dir='ltr'><strong>depin-</strong></span> 
     </span>
     <span class='ocr_line' id='line_1_15' title="bbox 135 1241 1107 1310; baseline 0.002 -21"><span class='ocrx_word' id='word_1_83' title='bbox 135 1259 241 1310; x_wconf 86' lang='lat' dir='ltr'><strong>gens</strong></span> <span class='ocrx_word' id='word_1_84' title='bbox 260 1241 534 1290; x_wconf 78' lang='lat' dir='ltr'><strong>salvatorem</strong></span> <span class='ocrx_word' id='word_1_85' title='bbox 552 1243 784 1290; x_wconf 79' lang='lat' dir='ltr'><strong>Dominum</strong></span> <span class='ocrx_word' id='word_1_86' title='bbox 810 1242 999 1290; x_wconf 58' lang='lat' dir='ltr'><strong>nostrum</strong></span> <span class='ocrx_word' id='word_1_87' title='bbox 1014 1245 1107 1309; x_wconf 57' lang='lat' dir='ltr'><strong>Je-</strong></span> 
     </span>
     <span class='ocr_line' id='line_1_16' title="bbox 127 1311 1108 1378; baseline 0.004 -21"><span class='ocrx_word' id='word_1_88' title='bbox 127 1312 229 1378; x_wconf 77' lang='lat' dir='ltr'><strong>fitm</strong></span> <span class='ocrx_word' id='word_1_89' title='bbox 260 1311 484 1360; x_wconf 60' lang='lat' dir='ltr'><strong>Christum</strong></span> <span class='ocrx_word' id='word_1_90' title='bbox 502 1347 518 1369; x_wconf 87' lang='lat'>,</span> <span class='ocrx_word' id='word_1_91' title='bbox 556 1314 610 1360; x_wconf 57' lang='grc' dir='ltr'><strong>ἴθ’</strong></span> <span class='ocrx_word' id='word_1_92' title='bbox 636 1314 816 1377; x_wconf 76' lang='lat' dir='ltr'><strong>‘viginti</strong></span> <span class='ocrx_word' id='word_1_93' title='bbox 838 1327 1013 1376; x_wconf 79' lang='lat' dir='ltr'><strong>quatuor</strong></span> <span class='ocrx_word' id='word_1_94' title='bbox 1030 1313 1064 1361; x_wconf 85' lang='lat' dir='ltr'><em>S</em></span> <span class='ocrx_word' id='word_1_95' title='bbox 1067 1334 1108 1360; x_wconf 85' lang='lat' dir='ltr'><strong>e-</strong></span> 
     </span>
     <span class='ocr_line' id='line_1_17' title="bbox 142 1380 1108 1451; baseline 0.003 -24"><span class='ocrx_word' id='word_1_96' title='bbox 142 1384 212 1428; x_wconf 84' lang='lat' dir='ltr'><strong>nio</strong></span> <span class='ocrx_word' id='word_1_97' title='bbox 219 1398 286 1429; x_wconf 87' lang='lat' dir='ltr'><strong>res</strong></span> <span class='ocrx_word' id='word_1_98' title='bbox 303 1384 551 1451; x_wconf 58' lang='lat' dir='ltr'><strong>nomint-fito</strong></span> <span class='ocrx_word' id='word_1_99' title='bbox 569 1380 766 1449; x_wconf 56' lang='lat' dir='ltr'><strong>‘versibus</strong></span> <span class='ocrx_word' id='word_1_100' title='bbox 780 1381 1007 1431; x_wconf 81' lang='lat' dir='ltr'><strong>decoravit</strong></span> <span class='ocrx_word' id='word_1_101' title='bbox 1020 1417 1035 1438; x_wconf 87' lang='lat'><strong>,</strong></span> <span class='ocrx_word' id='word_1_102' title='bbox 1053 1386 1108 1430; x_wconf 61' lang='grc' dir='ltr'><strong>(Υ</strong></span> 
     </span>
     <span class='ocr_line' id='line_1_18' title="bbox 141 1450 1107 1521; baseline -0.003 -19"><span class='ocrx_word' id='word_1_103' title='bbox 141 1455 166 1502; x_wconf 75' lang='grc' dir='ltr'><em>ἃ</em></span> <span class='ocrx_word' id='word_1_104' title='bbox 193 1467 293 1498; x_wconf 87' lang='lat' dir='ltr'><strong>tunc</strong></span> <span class='ocrx_word' id='word_1_105' title='bbox 325 1453 449 1519; x_wconf 81' lang='lat' dir='ltr'><strong>usque</strong></span> <span class='ocrx_word' id='word_1_106' title='bbox 473 1451 674 1501; x_wconf 58' lang='lat' dir='ltr'><strong>haetenus</strong></span> <span class='ocrx_word' id='word_1_107' title='bbox 698 1452 902 1521; x_wconf 66' lang='lat' dir='ltr'><strong>fidelitere</strong></span> <span class='ocrx_word' id='word_1_108' title='bbox 935 1458 961 1503; x_wconf 77' lang='grc' dir='ltr'><em>ἁ</em></span> <span class='ocrx_word' id='word_1_109' title='bbox 985 1450 1107 1500; x_wconf 83' lang='lat' dir='ltr'><strong>nobis</strong></span> 
     </span>
     <span class='ocr_line' id='line_1_19' title="bbox 141 1537 409 1575; baseline 0.004 -8"><span class='ocrx_word' id='word_1_110' title='bbox 141 1537 377 1575; x_wconf 61' lang='lat' dir='ltr'><strong>vssneratur</strong></span> <span class='ocrx_word' id='word_1_111' title='bbox 397 1557 409 1568; x_wconf 73' lang='grc' dir='ltr'>ι</span> 
     </span>
    </p>

    <p class='ocr_par' dir='ltr' id='par_1_2' title="bbox 140 1590 1109 1867">
     <span class='ocr_line' id='line_1_20' title="bbox 215 1590 1108 1658; baseline -0.002 -15"><span class='ocrx_word' id='word_1_112' title='bbox 215 1592 447 1658; x_wconf 83' lang='lat' dir='ltr'><strong>Reliquiae</strong></span> <span class='ocrx_word' id='word_1_113' title='bbox 474 1591 680 1641; x_wconf 86' lang='lat' dir='ltr'><strong>duorum</strong></span> <span class='ocrx_word' id='word_1_114' title='bbox 711 1590 934 1649; x_wconf 79' lang='lat' dir='ltr'><strong>versuum</strong></span> <span class='ocrx_word' id='word_1_115' title='bbox 952 1628 967 1649; x_wconf 89' lang='lat'>,</span> <span class='ocrx_word' id='word_1_116' title='bbox 993 1609 1108 1658; x_wconf 88' lang='lat' dir='ltr'><strong>quos</strong></span> 
     </span>
     <span class='ocr_line' id='line_1_21' title="bbox 140 1658 1109 1730; baseline 0 -20"><span class='ocrx_word' id='word_1_117' title='bbox 140 1659 261 1710; x_wconf 76' lang='lat' dir='ltr'><strong>edax</strong></span> <span class='ocrx_word' id='word_1_118' title='bbox 281 1674 465 1729; x_wconf 80' lang='lat' dir='ltr'><strong>tempus</strong></span> <span class='ocrx_word' id='word_1_119' title='bbox 481 1659 693 1710; x_wconf 73' lang='lat' dir='ltr'><strong>nondum</strong></span> <span class='ocrx_word' id='word_1_120' title='bbox 712 1659 897 1730; x_wconf 71' lang='lat' dir='ltr'><strong>penitus</strong></span> <span class='ocrx_word' id='word_1_121' title='bbox 911 1658 1109 1725; x_wconf 67' lang='lat' dir='ltr'><strong>fedavst,</strong></span> 
     </span>
     <span class='ocr_line' id='line_1_22' title="bbox 140 1728 1107 1798; baseline 0.005 -22"><span class='ocrx_word' id='word_1_122' title='bbox 140 1743 283 1798; x_wconf 84' lang='lat' dir='ltr'><strong>prout</strong></span> <span class='ocrx_word' id='word_1_123' title='bbox 308 1732 354 1777; x_wconf 91' lang='lat' dir='ltr'><strong>in</strong></span> <span class='ocrx_word' id='word_1_124' title='bbox 374 1733 510 1780; x_wconf 90' lang='lat' dir='ltr'><strong>icone</strong></span> <span class='ocrx_word' id='word_1_125' title='bbox 529 1748 710 1779; x_wconf 81' lang='lat' dir='ltr'><strong>annexa</strong></span> <span class='ocrx_word' id='word_1_126' title='bbox 729 1768 743 1788; x_wconf 87' lang='lat'>‚</span> <span class='ocrx_word' id='word_1_127' title='bbox 762 1728 821 1778; x_wconf 81' lang='lat' dir='ltr'><strong>fic</strong></span> <span class='ocrx_word' id='word_1_128' title='bbox 842 1729 885 1779; x_wconf 91' lang='lat' dir='ltr'><strong>se</strong></span> <span class='ocrx_word' id='word_1_129' title='bbox 907 1730 1078 1780; x_wconf 84' lang='lat' dir='ltr'><strong>habent</strong></span> <span class='ocrx_word' id='word_1_130' title='bbox 1096 1769 1107 1781; x_wconf 84' lang='lat'><em>.</em></span> 
     </span>
     <span class='ocr_line' id='line_1_23' title="bbox 140 1800 1106 1867; baseline -0.003 -16"><span class='ocrx_word' id='word_1_131' title='bbox 140 1800 345 1854; x_wconf 81' lang='lat' dir='ltr'><strong>Placidiae</strong></span> <span class='ocrx_word' id='word_1_132' title='bbox 366 1806 446 1866; x_wconf 80' lang='lat' dir='ltr'><strong>pia</strong></span> <span class='ocrx_word' id='word_1_133' title='bbox 463 1820 579 1851; x_wconf 87' lang='lat' dir='ltr'><strong>mens</strong></span> <span class='ocrx_word' id='word_1_134' title='bbox 605 1807 740 1867; x_wconf 80' lang='lat' dir='ltr'><strong>operis</strong></span> <span class='ocrx_word' id='word_1_135' title='bbox 763 1802 885 1849; x_wconf 81' lang='lat' dir='ltr'><strong>decus</strong></span> <span class='ocrx_word' id='word_1_136' title='bbox 903 1804 1043 1851; x_wconf 86' lang='lat' dir='ltr'><strong>homn.</strong></span> <span class='ocrx_word' id='word_1_137' title='bbox 1065 1839 1075 1849; x_wconf 90' lang='lat'><em>.</em></span> <span class='ocrx_word' id='word_1_138' title='bbox 1095 1839 1106 1849; x_wconf 90' lang='lat'><strong>.</strong></span> 
     </span>
    </p>

    <p class='ocr_par' dir='ltr' id='par_1_3' title="bbox 210 1869 1107 1943">
     <span class='ocr_line' id='line_1_24' title="bbox 210 1869 1107 1943; baseline 0 -23"><span class='ocrx_word' id='word_1_139' title='bbox 210 1869 378 1928; x_wconf 68' lang='lat' dir='ltr'><strong>Gaudet</strong></span> <span class='ocrx_word' id='word_1_140' title='bbox 409 1873 639 1943; x_wconf 75' lang='lat' dir='ltr'><strong>Pontificis</strong></span> <span class='ocrx_word' id='word_1_141' title='bbox 673 1872 817 1922; x_wconf 65' lang='lat' dir='ltr'><strong>fludio</strong></span> <span class='ocrx_word' id='word_1_142' title='bbox 841 1872 1107 1939; x_wconf 47' lang='lat' dir='ltr'><strong>splendorQ</strong></span> 
     </span>
    </p>

    <p class='ocr_par' dir='ltr' id='par_1_4' title="bbox 284 1941 470 1991">
     <span class='ocr_line' id='line_1_25' title="bbox 284 1941 470 1991; baseline -0.005 0"><span class='ocrx_word' id='word_1_143' title='bbox 284 1941 440 1991; x_wconf 83' lang='lat' dir='ltr'><strong>Leonis</strong></span> <span class='ocrx_word' id='word_1_144' title='bbox 459 1979 470 1990; x_wconf 86' lang='lat'><strong>.</strong></span> 
     </span>
    </p>

    <p class='ocr_par' dir='ltr' id='par_1_5' title="bbox 138 2010 1104 2292">
     <span class='ocr_line' id='line_1_26' title="bbox 208 2010 1104 2078; baseline 0.003 -20"><span class='ocrx_word' id='word_1_145' title='bbox 208 2013 426 2078; x_wconf 86' lang='lat' dir='ltr'><strong>Integros</strong></span> <span class='ocrx_word' id='word_1_146' title='bbox 446 2013 563 2062; x_wconf 75' lang='lat' dir='ltr'><strong>vero</strong></span> <span class='ocrx_word' id='word_1_147' title='bbox 581 2010 774 2062; x_wconf 89' lang='lat' dir='ltr'><strong>eosdem</strong></span> <span class='ocrx_word' id='word_1_148' title='bbox 792 2012 956 2069; x_wconf 81' lang='lat' dir='ltr'><strong>retulit</strong></span> <span class='ocrx_word' id='word_1_149' title='bbox 975 2015 1104 2061; x_wconf 48' lang='lat' dir='ltr'><strong>Gru-2</strong></span> 
     </span>
     <span class='ocr_line' id='line_1_27' title="bbox 138 2079 1103 2151; baseline 0.002 -22"><span class='ocrx_word' id='word_1_150' title='bbox 138 2094 264 2131; x_wconf 82' lang='lat' dir='ltr'><strong>tetus</strong></span> <span class='ocrx_word' id='word_1_151' title='bbox 280 2083 327 2129; x_wconf 91' lang='lat' dir='ltr'><strong>in</strong></span> <span class='ocrx_word' id='word_1_152' title='bbox 347 2079 436 2130; x_wconf 88' lang='lat' dir='ltr'><strong>suis</strong></span> <span class='ocrx_word' id='word_1_153' title='bbox 453 2080 833 2151; x_wconf 79' lang='lat' dir='ltr'><strong>inscriptionibus</strong></span> <span class='ocrx_word' id='word_1_154' title='bbox 850 2083 896 2129; x_wconf 91' lang='lat' dir='ltr'><strong>in</strong></span> <span class='ocrx_word' id='word_1_155' title='bbox 912 2085 1103 2151; x_wconf 89' lang='lat' dir='ltr'><strong>Appen-</strong></span> 
     </span>
     <span class='ocr_line' id='line_1_28' title="bbox 138 2150 1104 2220; baseline 0.001 -20"><span class='ocrx_word' id='word_1_156' title='bbox 138 2150 243 2207; x_wconf 82' lang='lat' dir='ltr'><strong>dice</strong></span> <span class='ocrx_word' id='word_1_157' title='bbox 269 2170 372 2220; x_wconf 88' lang='lat' dir='ltr'><strong>pag.</strong></span> <span class='ocrx_word' id='word_1_158' title='bbox 398 2171 416 2200; x_wconf 93' lang='lat'>1</span> <span class='ocrx_word' id='word_1_159' title='bbox 434 2173 544 2213; x_wconf 86' lang='lat'>170.</span> <span class='ocrx_word' id='word_1_160' title='bbox 577 2171 708 2201; x_wconf 88' lang='lat' dir='ltr'><strong>num.</strong></span> <span class='ocrx_word' id='word_1_161' title='bbox 727 2160 775 2201; x_wconf 79' lang='lat'><strong>6‘.</strong></span> <span class='ocrx_word' id='word_1_162' title='bbox 809 2154 1027 2219; x_wconf 73' lang='lat' dir='ltr'><strong>quinimo</strong></span> <span class='ocrx_word' id='word_1_163' title='bbox 1053 2156 1104 2205; x_wconf 85' lang='lat'>&amp;</span> 
     </span>
     <span class='ocr_line' id='line_1_29' title="bbox 139 2220 1003 2292; baseline 0.001 -23"><span class='ocrx_word' id='word_1_164' title='bbox 139 2222 253 2274; x_wconf 81' lang='lat' dir='ltr'><strong>alios</strong></span> <span class='ocrx_word' id='word_1_165' title='bbox 270 2257 286 2285; x_wconf 80' lang='lat'>‚</span> <span class='ocrx_word' id='word_1_166' title='bbox 318 2223 394 2289; x_wconf 90' lang='lat' dir='ltr'><strong>qui</strong></span> <span class='ocrx_word' id='word_1_167' title='bbox 417 2222 673 2292; x_wconf 88' lang='lat' dir='ltr'><strong>sequuntur</strong></span> <span class='ocrx_word' id='word_1_168' title='bbox 687 2260 703 2282; x_wconf 85' lang='lat'><strong>,</strong></span> <span class='ocrx_word' id='word_1_169' title='bbox 724 2220 972 2291; x_wconf 78' lang='lat' dir='ltr'><strong>praeposuit</strong></span> <span class='ocrx_word' id='word_1_170' title='bbox 993 2261 1003 2270; x_wconf 91' lang='lat'>.</span> 
     </span>
    </p>

    <p class='ocr_par' dir='ltr' id='par_1_6' title="bbox 208 2289 1107 2362">
     <span class='ocr_line' id='line_1_30' title="bbox 208 2289 1107 2362; baseline 0.002 -19"><span class='ocrx_word' id='word_1_171' title='bbox 208 2289 464 2359; x_wconf 65' lang='lat' dir='ltr'><strong>Theodosius</strong></span> <span class='ocrx_word' id='word_1_172' title='bbox 499 2299 619 2361; x_wconf 80' lang='lat' dir='ltr'><strong>coepic</strong></span> <span class='ocrx_word' id='word_1_173' title='bbox 640 2331 655 2352; x_wconf 89' lang='lat'>,</span> <span class='ocrx_word' id='word_1_174' title='bbox 682 2291 867 2362; x_wconf 78' lang='lat' dir='ltr'><strong>perfecit</strong></span> <span class='ocrx_word' id='word_1_175' title='bbox 892 2293 1107 2352; x_wconf 79' lang='lat' dir='ltr'><strong>Honorius</strong></span> 
     </span>
    </p>

    <p class='ocr_par' dir='ltr' id='par_1_7' title="bbox 276 2364 416 2411">
     <span class='ocr_line' id='line_1_31' title="bbox 276 2364 416 2411; baseline 0 -1"><span class='ocrx_word' id='word_1_176' title='bbox 276 2364 416 2411; x_wconf 84' lang='lat' dir='ltr'><em>aulam</em></span> 
     </span>
    </p>

    <p class='ocr_par' dir='ltr' id='par_1_8' title="bbox 206 2431 1104 2502">
     <span class='ocr_line' id='line_1_32' title="bbox 206 2431 1104 2502; baseline 0.003 -21"><span class='ocrx_word' id='word_1_177' title='bbox 206 2431 410 2481; x_wconf 57' lang='lat' dir='ltr'><strong>Dotioris</strong></span> <span class='ocrx_word' id='word_1_178' title='bbox 452 2433 620 2485; x_wconf 85' lang='lat' dir='ltr'><strong>Mundi</strong></span> <span class='ocrx_word' id='word_1_179' title='bbox 655 2436 871 2502; x_wconf 77' lang='lat' dir='ltr'><strong>filcratam</strong></span> <span class='ocrx_word' id='word_1_180' title='bbox 905 2449 1104 2502; x_wconf 49' lang='lat' dir='ltr'><strong>corpore-„2</strong></span> 
     </span>
    </p>

    <p class='ocr_par' dir='ltr' id='par_1_9' title="bbox 280 2502 434 2560">
     <span class='ocr_line' id='line_1_33' title="bbox 280 2502 434 2560; baseline 0.006 -13"><span class='ocrx_word' id='word_1_181' title='bbox 280 2502 434 2560; x_wconf 83' lang='lat' dir='ltr'><strong>Pauli.</strong></span> 
     </span>
    </p>

    <p class='ocr_par' dir='ltr' id='par_1_10' title="bbox 210 2572 1106 2644">
     <span class='ocr_line' id='line_1_34' title="bbox 210 2572 1106 2644; baseline 0.007 -26"><span class='ocrx_word' id='word_1_182' title='bbox 210 2572 417 2623; x_wconf 80' lang='lat' dir='ltr'><strong>Placidiae</strong></span> <span class='ocrx_word' id='word_1_183' title='bbox 438 2578 518 2638; x_wconf 76' lang='lat' dir='ltr'><strong>pia</strong></span> <span class='ocrx_word' id='word_1_184' title='bbox 534 2594 651 2623; x_wconf 85' lang='lat' dir='ltr'><strong>mens</strong></span> <span class='ocrx_word' id='word_1_185' title='bbox 683 2581 821 2644; x_wconf 81' lang='lat' dir='ltr'><strong>operis</strong></span> <span class='ocrx_word' id='word_1_186' title='bbox 849 2576 971 2626; x_wconf 83' lang='lat' dir='ltr'><strong>decus</strong></span> <span class='ocrx_word' id='word_1_187' title='bbox 988 2595 1106 2635; x_wconf 80' lang='lat' dir='ltr'><strong>omne</strong></span> 
     </span>
    </p>

    <p class='ocr_par' dir='ltr' id='par_1_11' title="bbox 270 2647 476 2708">
     <span class='ocr_line' id='line_1_35' title="bbox 270 2647 476 2708; baseline 0.01 -19"><span class='ocrx_word' id='word_1_188' title='bbox 270 2647 476 2708; x_wconf 84' lang='lat' dir='ltr'><strong>paterni,</strong></span> 
     </span>
    </p>

    <p class='ocr_par' dir='ltr' id='par_1_12' title="bbox 207 2711 1104 2785">
     <span class='ocr_line' id='line_1_36' title="bbox 207 2711 1104 2785; baseline 0.004 -23"><span class='ocrx_word' id='word_1_189' title='bbox 207 2711 378 2762; x_wconf 79' lang='lat' dir='ltr'><em>Gaudet</em></span> <span class='ocrx_word' id='word_1_190' title='bbox 412 2714 642 2782; x_wconf 81' lang='lat' dir='ltr'><strong>Pontificis</strong></span> <span class='ocrx_word' id='word_1_191' title='bbox 667 2718 812 2767; x_wconf 66' lang='lat' dir='ltr'><strong>fludio</strong></span> <span class='ocrx_word' id='word_1_192' title='bbox 834 2718 1104 2785; x_wconf 56' lang='lat' dir='ltr'><strong>splendore-2</strong></span> 
     </span>
    </p>

    <p class='ocr_par' dir='ltr' id='par_1_13' title="bbox 208 2782 466 2833">
     <span class='ocr_line' id='line_1_37' title="bbox 208 2782 466 2833; baseline -0.008 -1"><span class='ocrx_word' id='word_1_193' title='bbox 208 2791 211 2796; x_wconf 70' lang='grc'>“</span> <span class='ocrx_word' id='word_1_194' title='bbox 277 2782 435 2833; x_wconf 83' lang='lat' dir='ltr'><strong>Leonis</strong></span> <span class='ocrx_word' id='word_1_195' title='bbox 455 2819 466 2830; x_wconf 88' lang='lat'><em>.</em></span> 
     </span>
    </p>

    <p class='ocr_par' dir='ltr' id='par_1_14' title="bbox 134 2850 1107 3274">
     <span class='ocr_line' id='line_1_38' title="bbox 144 2850 1105 2923; baseline 0.008 -26"><span class='ocrx_word' id='word_1_196' title='bbox 144 2880 150 2884; x_wconf 39' lang='grc' dir='ltr'><em>ν</em></span> <span class='ocrx_word' id='word_1_197' title='bbox 192 2850 316 2900; x_wconf 90' lang='lat' dir='ltr'><strong>Aliis</strong></span> <span class='ocrx_word' id='word_1_198' title='bbox 335 2852 491 2903; x_wconf 86' lang='lat' dir='ltr'><strong>verbis</strong></span> <span class='ocrx_word' id='word_1_199' title='bbox 506 2854 744 2923; x_wconf 79' lang='lat' dir='ltr'><strong>supplevit</strong></span> <span class='ocrx_word' id='word_1_200' title='bbox 762 2859 986 2906; x_wconf 73' lang='lat' dir='ltr'><strong>Batonius</strong></span> <span class='ocrx_word' id='word_1_201' title='bbox 1002 2875 1105 2905; x_wconf 70' lang='lat' dir='ltr'><strong>mu-</strong></span> 
     </span>
     <span class='ocr_line' id='line_1_39' title="bbox 138 2920 1107 2995; baseline 0.002 -26"><span class='ocrx_word' id='word_1_202' title='bbox 138 2920 282 2975; x_wconf 83' lang='lat' dir='ltr'><strong>tilum</strong></span> <span class='ocrx_word' id='word_1_203' title='bbox 299 2928 756 2994; x_wconf 82' lang='lat' dir='ltr'><strong>carmen‚praeteritis</strong></span> <span class='ocrx_word' id='word_1_204' title='bbox 774 2928 966 2976; x_wconf 88' lang='lat' dir='ltr'><strong>omnino</strong></span> <span class='ocrx_word' id='word_1_205' title='bbox 984 2929 1107 2995; x_wconf 59' lang='lat' dir='ltr'><strong>prio-4</strong></span> 
     </span>
     <span class='ocr_line' id='line_1_40' title="bbox 136 2988 1102 3065; baseline 0.009 -29"><span class='ocrx_word' id='word_1_206' title='bbox 136 2988 265 3039; x_wconf 77' lang='lat' dir='ltr'><strong>ribus</strong></span> <span class='ocrx_word' id='word_1_207' title='bbox 284 2991 493 3041; x_wconf 80' lang='lat' dir='ltr'><strong>versibus</strong></span> <span class='ocrx_word' id='word_1_208' title='bbox 511 3031 526 3052; x_wconf 87' lang='lat'>,</span> <span class='ocrx_word' id='word_1_209' title='bbox 563 2998 735 3065; x_wconf 63' lang='lat' dir='ltr'><strong>quipp&amp;</strong></span> <span class='ocrx_word' id='word_1_210' title='bbox 760 2999 839 3064; x_wconf 89' lang='lat' dir='ltr'><strong>qui</strong></span> <span class='ocrx_word' id='word_1_211' title='bbox 860 3013 943 3052; x_wconf 84' lang='lat' dir='ltr'><strong>nec</strong></span> <span class='ocrx_word' id='word_1_212' title='bbox 963 2997 1102 3046; x_wconf 89' lang='lat' dir='ltr'><strong>hodie</strong></span> 
     </span>
     <span class='ocr_line' id='line_1_41' title="bbox 134 3057 1101 3135; baseline 0.009 -29"><span class='ocrx_word' id='word_1_213' title='bbox 134 3057 355 3113; x_wconf 86' lang='lat' dir='ltr'><strong>visuntur</strong></span> <span class='ocrx_word' id='word_1_214' title='bbox 374 3099 383 3108; x_wconf 95' lang='lat'><em>.</em></span> <span class='ocrx_word' id='word_1_215' title='bbox 422 3063 584 3113; x_wconf 91' lang='lat' dir='ltr'><strong>Tomo</strong></span> <span class='ocrx_word' id='word_1_216' title='bbox 618 3068 770 3135; x_wconf 81' lang='lat' dir='ltr'><strong>itaque</strong></span> <span class='ocrx_word' id='word_1_217' title='bbox 810 3070 899 3118; x_wconf 92' lang='lat' dir='ltr'><strong>VI.</strong></span> <span class='ocrx_word' id='word_1_218' title='bbox 934 3068 991 3116; x_wconf 85' lang='lat' dir='ltr'><strong>ad</strong></span> <span class='ocrx_word' id='word_1_219' title='bbox 1021 3085 1101 3116; x_wconf 87' lang='lat' dir='ltr'><strong>an-</strong></span> 
     </span>
     <span class='ocr_line' id='line_1_42' title="bbox 134 3138 1102 3208; baseline 0.004 -31"><span class='ocrx_word' id='word_1_220' title='bbox 134 3145 249 3186; x_wconf 84' lang='lat' dir='ltr'><strong>num</strong></span> <span class='ocrx_word' id='word_1_221' title='bbox 264 3151 381 3197; x_wconf 73' lang='lat'>449.</span> <span class='ocrx_word' id='word_1_222' title='bbox 416 3151 547 3182; x_wconf 87' lang='lat' dir='ltr'><strong>num.</strong></span> <span class='ocrx_word' id='word_1_223' title='bbox 577 3148 688 3195; x_wconf 84' lang='lat'><em>167.</em></span> <span class='ocrx_word' id='word_1_224' title='bbox 720 3140 784 3187; x_wconf 80' lang='lat' dir='ltr'><strong>ita</strong></span> <span class='ocrx_word' id='word_1_225' title='bbox 803 3138 1014 3208; x_wconf 81' lang='lat' dir='ltr'><strong>priorem</strong></span> <span class='ocrx_word' id='word_1_226' title='bbox 1035 3140 1102 3188; x_wconf 74' lang='lat' dir='ltr'><strong>la-</strong></span> 
     </span>
     <span class='ocr_line' id='line_1_43' title="bbox 134 3206 517 3274; baseline 0.013 -27"><span class='ocrx_word' id='word_1_227' title='bbox 134 3215 302 3256; x_wconf 81' lang='lat' dir='ltr'><strong>cunam</strong></span> <span class='ocrx_word' id='word_1_228' title='bbox 322 3206 517 3274; x_wconf 83' lang='lat' dir='ltr'><strong>implet.</strong></span> 
     </span>
    </p>
   </div>
   <div class='ocr_carea' id='block_1_2' title="bbox 1152 188 2143 3344">
    <p class='ocr_par' dir='ltr' id='par_1_15' title="bbox 1161 188 2093 245">
     <span class='ocr_line' id='line_1_44' title="bbox 1161 188 2093 245; baseline 0.005 -5"><span class='ocrx_word' id='word_1_229' title='bbox 1161 188 1208 240; x_wconf 91' lang='lat' dir='ltr'>T</span> <span class='ocrx_word' id='word_1_230' title='bbox 1304 188 1358 239; x_wconf 83' lang='lat' dir='ltr'><em>X</em></span> <span class='ocrx_word' id='word_1_231' title='bbox 1372 189 1426 239; x_wconf 85' lang='lat' dir='ltr'><strong><em>X</em></strong></span> <span class='ocrx_word' id='word_1_232' title='bbox 1443 189 1469 238; x_wconf 89' lang='grc' dir='ltr'><em>Ι</em></span> <span class='ocrx_word' id='word_1_233' title='bbox 1481 192 1531 242; x_wconf 83' lang='lat' dir='ltr'><strong>V·</strong></span> <span class='ocrx_word' id='word_1_234' title='bbox 1709 238 1714 243; x_wconf 72' lang='grc'>,</span> <span class='ocrx_word' id='word_1_235' title='bbox 2034 215 2093 245; x_wconf 78' lang='lat'><strong>2⁴2</strong></span> 
     </span>
    </p>

    <p class='ocr_par' dir='ltr' id='par_1_16' title="bbox 1237 218 2135 334">
     <span class='ocr_line' id='line_1_45' title="bbox 1237 218 2135 334; baseline 0.004 -25"><span class='ocrx_word' id='word_1_236' title='bbox 1237 261 1441 312; x_wconf 68' lang='lat' dir='ltr'><strong>Placidiae</strong></span> <span class='ocrx_word' id='word_1_237' title='bbox 1450 265 1527 325; x_wconf 78' lang='lat' dir='ltr'><strong>pia</strong></span> <span class='ocrx_word' id='word_1_238' title='bbox 1544 277 1659 306; x_wconf 83' lang='lat' dir='ltr'><strong>mens</strong></span> <span class='ocrx_word' id='word_1_239' title='bbox 1675 266 1808 326; x_wconf 72' lang='lat' dir='ltr'><strong>operis</strong></span> <span class='ocrx_word' id='word_1_240' title='bbox 1823 262 1955 311; x_wconf 71' lang='lat' dir='ltr'><strong>decus</strong></span> <span class='ocrx_word' id='word_1_241' title='bbox 1972 265 2046 313; x_wconf 80' lang='lat' dir='ltr'><strong>hoc</strong></span> <span class='ocrx_word' id='word_1_242' title='bbox 2054 218 2135 334; x_wconf 49' lang='lat' dir='ltr'><strong>fi?</strong></span> 
     </span>
    </p>

    <p class='ocr_par' dir='ltr' id='par_1_17' title="bbox 1217 330 2128 388">
     <span class='ocr_line' id='line_1_46' title="bbox 1217 330 2128 388; baseline 0.005 -10"><span class='ocrx_word' id='word_1_243' title='bbox 1217 331 1223 336; x_wconf 81' lang='grc'><strong>’</strong></span> <span class='ocrx_word' id='word_1_244' title='bbox 1307 330 1441 379; x_wconf 77' lang='lat' dir='ltr'><strong>ciebas</strong></span> <span class='ocrx_word' id='word_1_245' title='bbox 1456 367 1472 388; x_wconf 89' lang='lat'>,</span> <span class='ocrx_word' id='word_1_246' title='bbox 1805 380 1807 382; x_wconf 79' lang='grc'>,</span> <span class='ocrx_word' id='word_1_247' title='bbox 2123 361 2128 367; x_wconf 77' lang='grc'><em>·</em></span> 
     </span>
    </p>

    <p class='ocr_par' dir='ltr' id='par_1_18' title="bbox 1236 401 2133 470">
     <span class='ocr_line' id='line_1_47' title="bbox 1236 401 2133 470; baseline 0.003 -21"><span class='ocrx_word' id='word_1_248' title='bbox 1236 401 1404 451; x_wconf 75' lang='lat' dir='ltr'><strong>Gaudet</strong></span> <span class='ocrx_word' id='word_1_249' title='bbox 1440 401 1668 469; x_wconf 78' lang='lat' dir='ltr'><strong>Pontificis</strong></span> <span class='ocrx_word' id='word_1_250' title='bbox 1697 401 1843 450; x_wconf 59' lang='lat' dir='ltr'><strong>fludio</strong></span> <span class='ocrx_word' id='word_1_251' title='bbox 1861 403 2133 470; x_wconf 59' lang='lat' dir='ltr'><strong>splendore„</strong></span> 
     </span>
    </p>

    <p class='ocr_par' dir='ltr' id='par_1_19' title="bbox 1307 470 1494 519">
     <span class='ocr_line' id='line_1_48' title="bbox 1307 470 1494 519; baseline -0.011 -1"><span class='ocrx_word' id='word_1_252' title='bbox 1307 470 1463 519; x_wconf 84' lang='lat' dir='ltr'><strong>Leonis</strong></span> <span class='ocrx_word' id='word_1_253' title='bbox 1484 506 1494 516; x_wconf 90' lang='lat'><strong>.</strong></span> 
     </span>
    </p>

    <p class='ocr_par' dir='ltr' id='par_1_20' title="bbox 1156 540 2143 2714">
     <span class='ocr_line' id='line_1_49' title="bbox 1235 540 2132 609; baseline 0.002 -22"><span class='ocrx_word' id='word_1_254' title='bbox 1235 541 1352 588; x_wconf 90' lang='lat' dir='ltr'><strong>Pace</strong></span> <span class='ocrx_word' id='word_1_255' title='bbox 1369 541 1488 590; x_wconf 89' lang='lat' dir='ltr'><strong>tanti</strong></span> <span class='ocrx_word' id='word_1_256' title='bbox 1511 542 1602 589; x_wconf 84' lang='lat' dir='ltr'><strong>viri</strong></span> <span class='ocrx_word' id='word_1_257' title='bbox 1629 540 1832 591; x_wconf 83' lang='lat' dir='ltr'><strong>dixerim</strong></span> <span class='ocrx_word' id='word_1_258' title='bbox 1851 577 1866 600; x_wconf 88' lang='lat'>,</span> <span class='ocrx_word' id='word_1_259' title='bbox 1894 540 2132 609; x_wconf 55' lang='lat' dir='ltr'><strong>praestata,-</strong></span> 
     </span>
     <span class='ocr_line' id='line_1_50' title="bbox 1165 608 2132 669; baseline 0.003 -13"><span class='ocrx_word' id='word_1_260' title='bbox 1165 611 1361 658; x_wconf 88' lang='lat' dir='ltr'><strong>Gruteri</strong></span> <span class='ocrx_word' id='word_1_261' title='bbox 1409 610 1686 661; x_wconf 79' lang='lat' dir='ltr'><strong>sententiam</strong></span> <span class='ocrx_word' id='word_1_262' title='bbox 1720 647 1736 669; x_wconf 85' lang='lat'>‚</span> <span class='ocrx_word' id='word_1_263' title='bbox 1785 608 1894 658; x_wconf 70' lang='lat' dir='ltr'><strong>cum</strong></span> <span class='ocrx_word' id='word_1_264' title='bbox 1934 613 1980 659; x_wconf 92' lang='lat' dir='ltr'><strong>in</strong></span> <span class='ocrx_word' id='word_1_265' title='bbox 2015 616 2132 662; x_wconf 88' lang='lat' dir='ltr'><strong>Mu-</strong></span> 
     </span>
     <span class='ocr_line' id='line_1_51' title="bbox 1163 678 2133 751; baseline 0.006 -25"><span class='ocrx_word' id='word_1_266' title='bbox 1163 678 1263 732; x_wconf 77' lang='lat' dir='ltr'><strong>iivo</strong></span> <span class='ocrx_word' id='word_1_267' title='bbox 1298 697 1438 747; x_wconf 89' lang='lat' dir='ltr'><strong>opere</strong></span> <span class='ocrx_word' id='word_1_268' title='bbox 1472 679 1755 747; x_wconf 82' lang='lat' dir='ltr'><strong>palmaribus</strong></span> <span class='ocrx_word' id='word_1_269' title='bbox 1775 682 1922 729; x_wconf 88' lang='lat' dir='ltr'><strong>literis</strong></span> <span class='ocrx_word' id='word_1_270' title='bbox 1947 682 2133 751; x_wconf 83' lang='lat' dir='ltr'><strong>legatur</strong></span> 
     </span>
     <span class='ocr_line' id='line_1_52' title="bbox 1162 749 2131 819; baseline 0.001 -20"><span class='ocrx_word' id='word_1_271' title='bbox 1162 752 1394 807; x_wconf 84' lang='lat' dir='ltr'>HOMN.</span> <span class='ocrx_word' id='word_1_272' title='bbox 1429 767 1523 799; x_wconf 92' lang='lat' dir='ltr'><strong>non</strong></span> <span class='ocrx_word' id='word_1_273' title='bbox 1551 750 1667 798; x_wconf 72' lang='lat' dir='ltr'><strong>vero</strong></span> <span class='ocrx_word' id='word_1_274' title='bbox 1695 753 1862 801; x_wconf 91' lang='lat' dir='ltr'><strong>HOC</strong></span> <span class='ocrx_word' id='word_1_275' title='bbox 1890 749 1991 819; x_wconf 89' lang='lat' dir='ltr'><strong>post</strong></span> <span class='ocrx_word' id='word_1_276' title='bbox 2021 771 2131 802; x_wconf 82' lang='lat' dir='ltr'><strong>ver-</strong></span> 
     </span>
     <span class='ocr_line' id='line_1_53' title="bbox 1166 818 2131 879; baseline 0.006 -12"><span class='ocrx_word' id='word_1_277' title='bbox 1166 818 1279 868; x_wconf 84' lang='lat' dir='ltr'><strong>bum</strong></span> <span class='ocrx_word' id='word_1_278' title='bbox 1316 821 1533 868; x_wconf 87' lang='lat' dir='ltr'>DECVS</span> <span class='ocrx_word' id='word_1_279' title='bbox 1549 855 1566 877; x_wconf 91' lang='lat'><strong><em>,</em></strong></span> <span class='ocrx_word' id='word_1_280' title='bbox 1602 833 1657 868; x_wconf 90' lang='lat' dir='ltr'><strong>ut</strong></span> <span class='ocrx_word' id='word_1_281' title='bbox 1689 819 1907 879; x_wconf 76' lang='lat' dir='ltr'><strong>assertum</strong></span> <span class='ocrx_word' id='word_1_282' title='bbox 1941 824 2131 873; x_wconf 82' lang='lat' dir='ltr'><strong>Baronii</strong></span> 
     </span>
     <span class='ocr_line' id='line_1_54' title="bbox 1164 887 2129 958; baseline 0.005 -19"><span class='ocrx_word' id='word_1_283' title='bbox 1164 887 1459 958; x_wconf 86' lang='lat' dir='ltr'><strong>deposceret.</strong></span> <span class='ocrx_word' id='word_1_284' title='bbox 1489 890 1634 956; x_wconf 72' lang='lat' dir='ltr'><strong>Qiod</strong></span> <span class='ocrx_word' id='word_1_285' title='bbox 1654 888 1687 937; x_wconf 85' lang='lat' dir='ltr'>fi</span> <span class='ocrx_word' id='word_1_286' title='bbox 1712 889 2044 958; x_wconf 84' lang='lat' dir='ltr'><strong>aspirationem</strong></span> <span class='ocrx_word' id='word_1_287' title='bbox 2061 896 2129 943; x_wconf 87' lang='lat' dir='ltr'><strong>H.</strong></span> 
     </span>
     <span class='ocr_line' id='line_1_55' title="bbox 1163 958 2131 1025; baseline 0.002 -16"><span class='ocrx_word' id='word_1_288' title='bbox 1163 960 1399 1009; x_wconf 86' lang='lat' dir='ltr'><strong>abundare</strong></span> <span class='ocrx_word' id='word_1_289' title='bbox 1418 959 1616 1015; x_wconf 79' lang='lat' dir='ltr'><strong>dixeris,</strong></span> <span class='ocrx_word' id='word_1_290' title='bbox 1643 958 1754 1008; x_wconf 70' lang='lat' dir='ltr'><strong>cum</strong></span> <span class='ocrx_word' id='word_1_291' title='bbox 1778 966 1911 1025; x_wconf 83' lang='lat' dir='ltr'><strong>juxta</strong></span> <span class='ocrx_word' id='word_1_292' title='bbox 1933 964 2131 1012; x_wconf 81' lang='lat' dir='ltr'><strong>Gruteri</strong></span> 
     </span>
     <span class='ocr_line' id='line_1_56' title="bbox 1162 1027 2130 1098; baseline 0.004 -20"><span class='ocrx_word' id='word_1_293' title='bbox 1162 1044 1373 1079; x_wconf 87' lang='lat' dir='ltr'><strong>mentem</strong></span> <span class='ocrx_word' id='word_1_294' title='bbox 1393 1030 1620 1098; x_wconf 80' lang='lat' dir='ltr'><strong>legimus:</strong></span> <span class='ocrx_word' id='word_1_295' title='bbox 1650 1027 1784 1078; x_wconf 66' lang='lat' dir='ltr'><strong>facile</strong></span> <span class='ocrx_word' id='word_1_296' title='bbox 1807 1033 2044 1089; x_wconf 83' lang='lat' dir='ltr'><strong>invenies,</strong></span> <span class='ocrx_word' id='word_1_297' title='bbox 2076 1052 2130 1082; x_wconf 91' lang='lat' dir='ltr'><strong>eo</strong></span> 
     </span>
     <span class='ocr_line' id='line_1_57' title="bbox 1161 1098 2133 1165; baseline 0.003 -16"><span class='ocrx_word' id='word_1_298' title='bbox 1161 1100 1326 1155; x_wconf 77' lang='lat' dir='ltr'><strong>saeculo</strong></span> <span class='ocrx_word' id='word_1_299' title='bbox 1344 1098 1611 1165; x_wconf 84' lang='lat' dir='ltr'><strong>hujusmodi</strong></span> <span class='ocrx_word' id='word_1_300' title='bbox 1634 1099 1936 1151; x_wconf 80' lang='lat' dir='ltr'><strong>acceffionem</strong></span> <span class='ocrx_word' id='word_1_301' title='bbox 1968 1117 2133 1152; x_wconf 88' lang='lat' dir='ltr'><strong>contra</strong></span> 
     </span>
     <span class='ocr_line' id='line_1_58' title="bbox 1164 1168 2129 1239; baseline 0 -19"><span class='ocrx_word' id='word_1_302' title='bbox 1164 1189 1322 1220; x_wconf 89' lang='lat' dir='ltr'><strong>omnes</strong></span> <span class='ocrx_word' id='word_1_303' title='bbox 1348 1170 1693 1237; x_wconf 77' lang='lat' dir='ltr'><strong>orthographiae</strong></span> <span class='ocrx_word' id='word_1_304' title='bbox 1725 1172 1850 1239; x_wconf 87' lang='lat' dir='ltr'><strong>leges</strong></span> <span class='ocrx_word' id='word_1_305' title='bbox 1883 1168 2129 1237; x_wconf 35' lang='lat' dir='ltr'><strong>stichum&amp;</strong></span> 
     </span>
     <span class='ocr_line' id='line_1_59' title="bbox 1163 1240 2131 1310; baseline 0.003 -23"><span class='ocrx_word' id='word_1_306' title='bbox 1163 1255 1306 1309; x_wconf 84' lang='lat' dir='ltr'><strong>prout</strong></span> <span class='ocrx_word' id='word_1_307' title='bbox 1335 1240 1498 1289; x_wconf 88' lang='lat' dir='ltr'><strong>videre</strong></span> <span class='ocrx_word' id='word_1_308' title='bbox 1522 1240 1587 1288; x_wconf 89' lang='lat' dir='ltr'><strong>est</strong></span> <span class='ocrx_word' id='word_1_309' title='bbox 1618 1241 1666 1286; x_wconf 88' lang='lat' dir='ltr'><strong>in</strong></span> <span class='ocrx_word' id='word_1_310' title='bbox 1684 1243 2044 1310; x_wconf 85' lang='lat' dir='ltr'><strong>quamplurimis</strong></span> <span class='ocrx_word' id='word_1_311' title='bbox 2065 1245 2131 1290; x_wconf 89' lang='lat' dir='ltr'><strong>in-</strong></span> 
     </span>
     <span class='ocr_line' id='line_1_60' title="bbox 1161 1306 2132 1377; baseline 0.004 -19"><span class='ocrx_word' id='word_1_312' title='bbox 1161 1309 1493 1377; x_wconf 80' lang='lat' dir='ltr'><strong>scriptionibus</strong></span> <span class='ocrx_word' id='word_1_313' title='bbox 1510 1346 1527 1367; x_wconf 86' lang='lat'>,</span> <span class='ocrx_word' id='word_1_314' title='bbox 1564 1306 1620 1357; x_wconf 85' lang='lat' dir='ltr'><strong>ab</strong></span> <span class='ocrx_word' id='word_1_315' title='bbox 1640 1310 1810 1359; x_wconf 87' lang='lat' dir='ltr'><strong>eodem</strong></span> <span class='ocrx_word' id='word_1_316' title='bbox 1833 1314 2041 1360; x_wconf 87' lang='lat' dir='ltr'><strong>Grutero</strong></span> <span class='ocrx_word' id='word_1_317' title='bbox 2063 1330 2132 1362; x_wconf 85' lang='lat' dir='ltr'><strong>re·</strong></span> 
     </span>
     <span class='ocr_line' id='line_1_61' title="bbox 1162 1375 2132 1449; baseline 0.004 -22"><span class='ocrx_word' id='word_1_318' title='bbox 1162 1382 1267 1436; x_wconf 83' lang='lat' dir='ltr'><strong>latis</strong></span> <span class='ocrx_word' id='word_1_319' title='bbox 1285 1415 1295 1426; x_wconf 91' lang='lat'>.</span> <span class='ocrx_word' id='word_1_320' title='bbox 1317 1381 1519 1432; x_wconf 89' lang='lat' dir='ltr'><strong>Utinam</strong></span> <span class='ocrx_word' id='word_1_321' title='bbox 1537 1375 1618 1427; x_wconf 56' lang='lat' dir='ltr'><strong>illd</strong></span> <span class='ocrx_word' id='word_1_322' title='bbox 1636 1393 1767 1428; x_wconf 79' lang='lat' dir='ltr'><strong>aetate</strong></span> <span class='ocrx_word' id='word_1_323' title='bbox 1787 1381 1906 1428; x_wconf 88' lang='lat' dir='ltr'><strong>nihil</strong></span> <span class='ocrx_word' id='word_1_324' title='bbox 1927 1383 2132 1449; x_wconf 83' lang='lat' dir='ltr'><strong>iniquius</strong></span> 
     </span>
     <span class='ocr_line' id='line_1_62' title="bbox 1161 1446 2133 1517; baseline 0.003 -19"><span class='ocrx_word' id='word_1_325' title='bbox 1161 1449 1295 1499; x_wconf 86' lang='lat' dir='ltr'><strong>bonis</strong></span> <span class='ocrx_word' id='word_1_326' title='bbox 1329 1447 1504 1497; x_wconf 84' lang='lat' dir='ltr'><strong>artibus</strong></span> <span class='ocrx_word' id='word_1_327' title='bbox 1533 1446 1788 1507; x_wconf 68' lang='lat' dir='ltr'><strong>evenisset,</strong></span> <span class='ocrx_word' id='word_1_328' title='bbox 1826 1453 1967 1517; x_wconf 67' lang='lat' dir='ltr'><strong>quam</strong></span> <span class='ocrx_word' id='word_1_329' title='bbox 1995 1446 2133 1501; x_wconf 75' lang='lat' dir='ltr'><strong>unius</strong></span> 
     </span>
     <span class='ocr_line' id='line_1_63' title="bbox 1162 1517 2130 1587; baseline 0.003 -19"><span class='ocrx_word' id='word_1_330' title='bbox 1162 1522 1311 1570; x_wconf 83' lang='lat' dir='ltr'><strong>literae</strong></span> <span class='ocrx_word' id='word_1_331' title='bbox 1329 1517 1492 1567; x_wconf 86' lang='lat' dir='ltr'><strong>abusus</strong></span> <span class='ocrx_word' id='word_1_332' title='bbox 1509 1520 1518 1568; x_wconf 79' lang='lat'><strong>‚¹</strong></span> <span class='ocrx_word' id='word_1_333' title='bbox 1551 1523 1618 1568; x_wconf 85' lang='lat' dir='ltr'><strong>At</strong></span> <span class='ocrx_word' id='word_1_334' title='bbox 1634 1522 1844 1587; x_wconf 87' lang='lat' dir='ltr'><strong>expende</strong></span> <span class='ocrx_word' id='word_1_335' title='bbox 1860 1557 1877 1578; x_wconf 87' lang='lat'>‚</span> <span class='ocrx_word' id='word_1_336' title='bbox 1905 1524 2046 1586; x_wconf 72' lang='lat' dir='ltr'><strong>quam</strong></span> <span class='ocrx_word' id='word_1_337' title='bbox 2064 1525 2130 1571; x_wconf 89' lang='lat' dir='ltr'><strong>la-</strong></span> 
     </span>
     <span class='ocr_line' id='line_1_64' title="bbox 1163 1586 2132 1649; baseline 0.003 -10"><span class='ocrx_word' id='word_1_338' title='bbox 1163 1590 1400 1641; x_wconf 60' lang='lat' dir='ltr'><strong>befaRatae</strong></span> <span class='ocrx_word' id='word_1_339' title='bbox 1425 1603 1535 1637; x_wconf 89' lang='lat' dir='ltr'><strong>tunc</strong></span> <span class='ocrx_word' id='word_1_340' title='bbox 1556 1586 1735 1637; x_wconf 84' lang='lat' dir='ltr'><strong>fuerint</strong></span> <span class='ocrx_word' id='word_1_341' title='bbox 1755 1588 1982 1649; x_wconf 82' lang='lat' dir='ltr'><strong>scientiae,</strong></span> <span class='ocrx_word' id='word_1_342' title='bbox 2000 1593 2132 1642; x_wconf 73' lang='lat' dir='ltr'><strong>artefi-</strong></span> 
     </span>
     <span class='ocr_line' id='line_1_65' title="bbox 1163 1657 2129 1729; baseline 0.004 -21"><span class='ocrx_word' id='word_1_343' title='bbox 1163 1679 1253 1727; x_wconf 83' lang='lat' dir='ltr'><strong>que</strong></span> <span class='ocrx_word' id='word_1_344' title='bbox 1273 1657 1498 1708; x_wconf 78' lang='lat' dir='ltr'><strong>universae</strong></span> <span class='ocrx_word' id='word_1_345' title='bbox 1513 1695 1528 1716; x_wconf 87' lang='grc'>,</span> <span class='ocrx_word' id='word_1_346' title='bbox 1554 1659 1664 1707; x_wconf 64' lang='lat' dir='ltr'><strong>cum</strong></span> <span class='ocrx_word' id='word_1_347' title='bbox 1684 1662 1855 1729; x_wconf 83' lang='lat' dir='ltr'><strong>integri</strong></span> <span class='ocrx_word' id='word_1_348' title='bbox 1876 1658 2027 1715; x_wconf 76' lang='lat' dir='ltr'><strong>saeculi</strong></span> <span class='ocrx_word' id='word_1_349' title='bbox 2059 1662 2129 1712; x_wconf 63' lang='lat' dir='ltr'><strong>so-</strong></span> 
     </span>
     <span class='ocr_line' id='line_1_66' title="bbox 1162 1727 2130 1800; baseline 0.003 -21"><span class='ocrx_word' id='word_1_350' title='bbox 1162 1750 1247 1800; x_wconf 87' lang='lat' dir='ltr'><strong>por</strong></span> <span class='ocrx_word' id='word_1_351' title='bbox 1266 1732 1385 1778; x_wconf 87' lang='lat' dir='ltr'><strong>altus</strong></span> <span class='ocrx_word' id='word_1_352' title='bbox 1413 1727 1480 1786; x_wconf 83' lang='lat' dir='ltr'><strong>(fi</strong></span> <span class='ocrx_word' id='word_1_353' title='bbox 1501 1730 1637 1797; x_wconf 81' lang='lat' dir='ltr'><strong>sopor</strong></span> <span class='ocrx_word' id='word_1_354' title='bbox 1654 1730 1883 1778; x_wconf 83' lang='lat' dir='ltr'><strong>dicendus</strong></span> <span class='ocrx_word' id='word_1_355' title='bbox 1901 1731 1965 1779; x_wconf 87' lang='lat' dir='ltr'><strong>est</strong></span> <span class='ocrx_word' id='word_1_356' title='bbox 1983 1733 2130 1783; x_wconf 79' lang='lat' dir='ltr'><strong>unde-</strong></span> 
     </span>
     <span class='ocr_line' id='line_1_67' title="bbox 1160 1798 2128 1869; baseline 0.005 -21"><span class='ocrx_word' id='word_1_357' title='bbox 1160 1819 1342 1869; x_wconf 86' lang='lat' dir='ltr'><strong>quaque</strong></span> <span class='ocrx_word' id='word_1_358' title='bbox 1361 1798 1658 1868; x_wconf 83' lang='lat' dir='ltr'><strong>graviffimus</strong></span> <span class='ocrx_word' id='word_1_359' title='bbox 1672 1835 1688 1858; x_wconf 93' lang='lat'>‚</span> <span class='ocrx_word' id='word_1_360' title='bbox 1704 1800 2128 1868; x_wconf 54' lang='lat' dir='ltr'><strong>horridusquebel-</strong></span> 
     </span>
     <span class='ocr_line' id='line_1_68' title="bbox 1162 1869 2125 1937; baseline 0.005 -18"><span class='ocrx_word' id='word_1_361' title='bbox 1162 1873 1317 1920; x_wconf 89' lang='lat' dir='ltr'><strong>lorum</strong></span> <span class='ocrx_word' id='word_1_362' title='bbox 1357 1871 1606 1937; x_wconf 87' lang='lat' dir='ltr'><strong>strepitus)</strong></span> <span class='ocrx_word' id='word_1_363' title='bbox 1646 1885 1897 1920; x_wconf 87' lang='lat' dir='ltr'><strong>veternum</strong></span> <span class='ocrx_word' id='word_1_364' title='bbox 1921 1869 2125 1925; x_wconf 78' lang='lat' dir='ltr'><strong>&#39;concla-</strong></span> 
     </span>
     <span class='ocr_line' id='line_1_69' title="bbox 1159 1938 2129 2009; baseline 0.005 -20"><span class='ocrx_word' id='word_1_365' title='bbox 1159 1938 1470 1989; x_wconf 85' lang='lat' dir='ltr'><strong>matiffimum</strong></span> <span class='ocrx_word' id='word_1_366' title='bbox 1498 1942 1694 2009; x_wconf 79' lang='lat' dir='ltr'><strong>ingeniis</strong></span> <span class='ocrx_word' id='word_1_367' title='bbox 1712 1942 1963 1990; x_wconf 85' lang='lat' dir='ltr'><strong>hominum</strong></span> <span class='ocrx_word' id='word_1_368' title='bbox 1984 1944 2129 1997; x_wconf 83' lang='lat' dir='ltr'><strong>indu-</strong></span> 
     </span>
     <span class='ocr_line' id='line_1_70' title="bbox 1158 2008 2127 2067; baseline 0.005 -8"><span class='ocrx_word' id='word_1_369' title='bbox 1158 2008 1291 2059; x_wconf 81' lang='lat' dir='ltr'><strong>xiffet</strong></span> <span class='ocrx_word' id='word_1_370' title='bbox 1312 2046 1322 2056; x_wconf 88' lang='lat'><strong>.</strong></span> <span class='ocrx_word' id='word_1_371' title='bbox 1353 2012 1465 2058; x_wconf 89' lang='lat' dir='ltr'><strong>Non</strong></span> <span class='ocrx_word' id='word_1_372' title='bbox 1485 2010 1685 2066; x_wconf 80' lang='lat' dir='ltr'><strong>adstruit</strong></span> <span class='ocrx_word' id='word_1_373' title='bbox 1712 2025 1872 2067; x_wconf 86' lang='lat' dir='ltr'><strong>tamen</strong></span> <span class='ocrx_word' id='word_1_374' title='bbox 1891 2014 2127 2064; x_wconf 84' lang='lat' dir='ltr'><strong>Gruterus</strong></span> 
     </span>
     <span class='ocr_line' id='line_1_71' title="bbox 1157 2078 2130 2143; baseline 0.004 -14"><span class='ocrx_word' id='word_1_375' title='bbox 1157 2083 1242 2129; x_wconf 90' lang='lat' dir='ltr'><strong>hac</strong></span> <span class='ocrx_word' id='word_1_376' title='bbox 1266 2078 1406 2128; x_wconf 56' lang='lat' dir='ltr'><strong>unica</strong></span> <span class='ocrx_word' id='word_1_377' title='bbox 1438 2079 1741 2143; x_wconf 52' lang='lat' dir='ltr'><strong>cnnjeeturz‘i,</strong></span> <span class='ocrx_word' id='word_1_378' title='bbox 1777 2079 2018 2131; x_wconf 84' lang='lat' dir='ltr'><strong>sententiae</strong></span> <span class='ocrx_word' id='word_1_379' title='bbox 2037 2084 2130 2133; x_wconf 58' lang='lat' dir='ltr'><strong>sua-J</strong></span> 
     </span>
     <span class='ocr_line' id='line_1_72' title="bbox 1157 2147 2129 2219; baseline 0.003 -20"><span class='ocrx_word' id='word_1_380' title='bbox 1157 2151 1532 2200; x_wconf 83' lang='lat' dir='ltr'><strong>firmamentum:</strong></span> <span class='ocrx_word' id='word_1_381' title='bbox 1553 2147 1732 2208; x_wconf 79' lang='lat' dir='ltr'><strong>afferit,</strong></span> <span class='ocrx_word' id='word_1_382' title='bbox 1752 2150 1794 2201; x_wconf 91' lang='lat' dir='ltr'><strong>se</strong></span> <span class='ocrx_word' id='word_1_383' title='bbox 1811 2166 2014 2219; x_wconf 87' lang='lat' dir='ltr'><strong>quatuor</strong></span> <span class='ocrx_word' id='word_1_384' title='bbox 2031 2153 2129 2203; x_wconf 88' lang='lat' dir='ltr'><strong>eos-</strong></span> 
     </span>
     <span class='ocr_line' id='line_1_73' title="bbox 1159 2217 2129 2289; baseline 0.002 -18"><span class='ocrx_word' id='word_1_385' title='bbox 1159 2224 1268 2271; x_wconf 91' lang='lat' dir='ltr'><strong>dem</strong></span> <span class='ocrx_word' id='word_1_386' title='bbox 1287 2218 1444 2270; x_wconf 83' lang='lat' dir='ltr'><strong>versus</strong></span> <span class='ocrx_word' id='word_1_387' title='bbox 1461 2217 1741 2288; x_wconf 76' lang='lat' dir='ltr'><strong>descripfiffe</strong></span> <span class='ocrx_word' id='word_1_388' title='bbox 1771 2241 1829 2271; x_wconf 86' lang='lat' dir='ltr'><strong>ex</strong></span> <span class='ocrx_word' id='word_1_389' title='bbox 1845 2225 2051 2289; x_wconf 86' lang='lat' dir='ltr'><strong>quodam</strong></span> <span class='ocrx_word' id='word_1_390' title='bbox 2068 2227 2129 2273; x_wconf 81' lang='lat' dir='ltr'><strong>li-1&#39;-</strong></span> 
     </span>
     <span class='ocr_line' id='line_1_74' title="bbox 1160 2289 2131 2355; baseline 0.003 -14"><span class='ocrx_word' id='word_1_391' title='bbox 1160 2293 1243 2341; x_wconf 84' lang='lat' dir='ltr'><strong>bro</strong></span> <span class='ocrx_word' id='word_1_392' title='bbox 1265 2289 1638 2355; x_wconf 51' lang='lat' dir='ltr'><strong>¹membranaceo</strong></span> <span class='ocrx_word' id='word_1_393' title='bbox 1670 2290 1973 2342; x_wconf 72' lang='lat' dir='ltr'><strong>Bibliothecae</strong></span> <span class='ocrx_word' id='word_1_394' title='bbox 1997 2294 2131 2344; x_wconf 69' lang='lat' dir='ltr'><strong>Pala-</strong></span> 
     </span>
     <span class='ocr_line' id='line_1_75' title="bbox 1158 2363 2130 2431; baseline 0.002 -20"><span class='ocrx_word' id='word_1_395' title='bbox 1158 2366 1266 2411; x_wconf 74' lang='lat' dir='ltr'><strong>tinae</strong></span> <span class='ocrx_word' id='word_1_396' title='bbox 1283 2398 1299 2420; x_wconf 87' lang='lat'><strong><em>,</em></strong></span> <span class='ocrx_word' id='word_1_397' title='bbox 1333 2363 1413 2430; x_wconf 88' lang='lat' dir='ltr'><strong>qui</strong></span> <span class='ocrx_word' id='word_1_398' title='bbox 1441 2375 1632 2410; x_wconf 89' lang='lat' dir='ltr'><strong>centum</strong></span> <span class='ocrx_word' id='word_1_399' title='bbox 1650 2381 1789 2411; x_wconf 88' lang='lat' dir='ltr'><strong>annos</strong></span> <span class='ocrx_word' id='word_1_400' title='bbox 1818 2365 2035 2431; x_wconf 85' lang='lat' dir='ltr'><strong>antiquus</strong></span> <span class='ocrx_word' id='word_1_401' title='bbox 2055 2366 2130 2413; x_wconf 67' lang='lat' dir='ltr'><strong>vi«</strong></span> 
     </span>
     <span class='ocr_line' id='line_1_76' title="bbox 1158 2431 2143 2503; baseline 0.001 -19"><span class='ocrx_word' id='word_1_402' title='bbox 1158 2433 1355 2484; x_wconf 86' lang='lat' dir='ltr'><strong>debatur</strong></span> <span class='ocrx_word' id='word_1_403' title='bbox 1389 2468 1406 2490; x_wconf 92' lang='lat'>,</span> <span class='ocrx_word' id='word_1_404' title='bbox 1459 2431 1803 2500; x_wconf 82' lang='lat' dir='ltr'><strong>exhibebatque</strong></span> <span class='ocrx_word' id='word_1_405' title='bbox 1841 2436 2143 2503; x_wconf 47' lang='lat' dir='ltr'><strong>Epigraphes</strong></span> 
     </span>
     <span class='ocr_line' id='line_1_77' title="bbox 1157 2503 2128 2575; baseline -0.001 -22"><span class='ocrx_word' id='word_1_406' title='bbox 1157 2506 1409 2575; x_wconf 85' lang='lat' dir='ltr'><strong>plurimas,</strong></span> <span class='ocrx_word' id='word_1_407' title='bbox 1423 2504 1447 2551; x_wconf 71' lang='lat' dir='ltr'><strong>e}</strong></span> <span class='ocrx_word' id='word_1_408' title='bbox 1464 2503 1655 2569; x_wconf 88' lang='lat' dir='ltr'><strong>templis</strong></span> <span class='ocrx_word' id='word_1_409' title='bbox 1671 2504 1802 2552; x_wconf 86' lang='lat' dir='ltr'><strong>almae</strong></span> <span class='ocrx_word' id='word_1_410' title='bbox 1822 2503 1998 2562; x_wconf 85' lang='lat' dir='ltr'><strong>Urbis,</strong></span> <span class='ocrx_word' id='word_1_411' title='bbox 2016 2522 2128 2572; x_wconf 55' lang='lat' dir='ltr'><strong>prae*</strong></span> 
     </span>
     <span class='ocr_line' id='line_1_78' title="bbox 1156 2571 2128 2632; baseline -0.003 -7"><span class='ocrx_word' id='word_1_412' title='bbox 1156 2577 1319 2632; x_wconf 80' lang='lat' dir='ltr'><strong>sertim</strong></span> <span class='ocrx_word' id='word_1_413' title='bbox 1335 2571 1448 2622; x_wconf 69' lang='lat' dir='ltr'><strong>vero</strong></span> <span class='ocrx_word' id='word_1_414' title='bbox 1468 2574 1491 2621; x_wconf 75' lang='grc' dir='ltr'><em>ὲ</em></span> <span class='ocrx_word' id='word_1_415' title='bbox 1510 2576 1620 2620; x_wconf 90' lang='lat' dir='ltr'><strong>DD.</strong></span> <span class='ocrx_word' id='word_1_416' title='bbox 1636 2574 1790 2631; x_wconf 83' lang='lat' dir='ltr'><strong>Petri,</strong></span> <span class='ocrx_word' id='word_1_417' title='bbox 1807 2575 1856 2624; x_wconf 65' lang='grc' dir='ltr'><strong>ὃς</strong></span> <span class='ocrx_word' id='word_1_418' title='bbox 1872 2576 2000 2622; x_wconf 89' lang='lat' dir='ltr'><strong>Pauli</strong></span> <span class='ocrx_word' id='word_1_419' title='bbox 2018 2610 2033 2632; x_wconf 90' lang='lat'>‚</span> <span class='ocrx_word' id='word_1_420' title='bbox 2051 2592 2128 2623; x_wconf 83' lang='lat' dir='ltr'><strong>ex·-</strong></span> 
     </span>
     <span class='ocr_line' id='line_1_79' title="bbox 1158 2659 1366 2714; baseline -0.019 -18"><span class='ocrx_word' id='word_1_421' title='bbox 1158 2659 1338 2714; x_wconf 90' lang='lat' dir='ltr'><strong>cerptas</strong></span> <span class='ocrx_word' id='word_1_422' title='bbox 1355 2679 1366 2692; x_wconf 82' lang='grc'><strong>.</strong></span> 
     </span>
    </p>

    <p class='ocr_par' dir='ltr' id='par_1_21' title="bbox 1152 2713 2128 3274">
     <span class='ocr_line' id='line_1_80' title="bbox 1229 2713 2128 2773; baseline -0.004 -9"><span class='ocrx_word' id='word_1_423' title='bbox 1229 2718 1304 2770; x_wconf 89' lang='lat' dir='ltr'><strong>Ut</strong></span> <span class='ocrx_word' id='word_1_424' title='bbox 1328 2731 1499 2764; x_wconf 86' lang='lat' dir='ltr'><strong>verum</strong></span> <span class='ocrx_word' id='word_1_425' title='bbox 1516 2728 1673 2762; x_wconf 90' lang='lat' dir='ltr'><strong>tamen</strong></span> <span class='ocrx_word' id='word_1_426' title='bbox 1691 2713 1837 2764; x_wconf 87' lang='lat' dir='ltr'><strong>fatear</strong></span> <span class='ocrx_word' id='word_1_427' title='bbox 1852 2751 1868 2773; x_wconf 87' lang='lat'>,</span> <span class='ocrx_word' id='word_1_428' title='bbox 1893 2715 2009 2763; x_wconf 86' lang='lat' dir='ltr'><strong>mibi</strong></span> <span class='ocrx_word' id='word_1_429' title='bbox 2029 2728 2128 2762; x_wconf 85' lang='lat' dir='ltr'><strong>non·</strong></span> 
     </span>
     <span class='ocr_line' id='line_1_81' title="bbox 1155 2780 2126 2868; baseline -0.002 -34"><span class='ocrx_word' id='word_1_430' title='bbox 1155 2784 1262 2834; x_wconf 85' lang='lat' dir='ltr'><strong>satis</strong></span> <span class='ocrx_word' id='word_1_431' title='bbox 1280 2786 1458 2852; x_wconf 88' lang='lat' dir='ltr'><strong>liquet,</strong></span> <span class='ocrx_word' id='word_1_432' title='bbox 1477 2802 1684 2852; x_wconf 89' lang='lat' dir='ltr'><strong>quonam</strong></span> <span class='ocrx_word' id='word_1_433' title='bbox 1702 2787 1746 2832; x_wconf 92' lang='lat' dir='ltr'><strong>in</strong></span> <span class='ocrx_word' id='word_1_434' title='bbox 1766 2787 1870 2834; x_wconf 89' lang='lat' dir='ltr'><strong>loco</strong></span> <span class='ocrx_word' id='word_1_435' title='bbox 1892 2785 1987 2836; x_wconf 86' lang='lat' dir='ltr'><strong>duo</strong></span> <span class='ocrx_word' id='word_1_436' title='bbox 2007 2780 2126 2868; x_wconf 57' lang='lat' dir='ltr'><strong>prio-4</strong></span> 
     </span>
     <span class='ocr_line' id='line_1_82' title="bbox 1156 2854 2123 2914; baseline -0.002 -11"><span class='ocrx_word' id='word_1_437' title='bbox 1156 2875 1224 2905; x_wconf 89' lang='lat' dir='ltr'><strong>res</strong></span> <span class='ocrx_word' id='word_1_438' title='bbox 1250 2857 1445 2908; x_wconf 88' lang='lat' dir='ltr'><strong>Gruteri</strong></span> <span class='ocrx_word' id='word_1_439' title='bbox 1480 2854 1635 2903; x_wconf 78' lang='lat' dir='ltr'><strong>verius</strong></span> <span class='ocrx_word' id='word_1_440' title='bbox 1671 2854 1903 2905; x_wconf 75' lang='lat' dir='ltr'><strong>exstarent</strong></span> <span class='ocrx_word' id='word_1_441' title='bbox 1919 2892 1935 2914; x_wconf 89' lang='lat'>‚</span> <span class='ocrx_word' id='word_1_442' title='bbox 1973 2872 2123 2902; x_wconf 58' lang='lat' dir='ltr'><strong>cum-,s</strong></span> 
     </span>
     <span class='ocr_line' id='line_1_83' title="bbox 1157 2924 2127 2994; baseline -0.003 -20"><span class='ocrx_word' id='word_1_443' title='bbox 1157 2927 1344 2974; x_wconf 88' lang='lat' dir='ltr'><strong>nullum</strong></span> <span class='ocrx_word' id='word_1_444' title='bbox 1364 2938 1584 2994; x_wconf 84' lang='lat' dir='ltr'><strong>appareat</strong></span> <span class='ocrx_word' id='word_1_445' title='bbox 1611 2927 1657 2980; x_wconf 86' lang='lat' dir='ltr'><strong>in</strong></span> <span class='ocrx_word' id='word_1_446' title='bbox 1676 2924 1896 2975; x_wconf 85' lang='lat' dir='ltr'><strong>universo</strong></span> <span class='ocrx_word' id='word_1_447' title='bbox 1916 2942 2023 2973; x_wconf 86' lang='lat' dir='ltr'><strong>arcu</strong></span> <span class='ocrx_word' id='word_1_448' title='bbox 2044 2938 2127 2972; x_wconf 50' lang='lat' dir='ltr'><strong>ve*</strong></span> 
     </span>
     <span class='ocr_line' id='line_1_84' title="bbox 1158 2995 2124 3065; baseline -0.002 -20"><span class='ocrx_word' id='word_1_449' title='bbox 1158 2996 1349 3065; x_wconf 84' lang='lat' dir='ltr'><strong>stigium</strong></span> <span class='ocrx_word' id='word_1_450' title='bbox 1376 2998 1653 3058; x_wconf 85' lang='lat' dir='ltr'><strong>literarum,</strong></span> <span class='ocrx_word' id='word_1_451' title='bbox 1689 3011 1998 3065; x_wconf 68' lang='lat' dir='ltr'><strong>praeterquam</strong></span> <span class='ocrx_word' id='word_1_452' title='bbox 2034 2995 2124 3043; x_wconf 49' lang='lat' dir='ltr'><strong>jn„-</strong></span> 
     </span>
     <span class='ocr_line' id='line_1_85' title="bbox 1156 3062 2125 3133; baseline -0.001 -19"><span class='ocrx_word' id='word_1_453' title='bbox 1156 3068 1327 3114; x_wconf 85' lang='lat' dir='ltr'><strong>intimo</strong></span> <span class='ocrx_word' id='word_1_454' title='bbox 1348 3064 1475 3114; x_wconf 72' lang='lat' dir='ltr'><strong>arcfis</strong></span> <span class='ocrx_word' id='word_1_455' title='bbox 1492 3064 1642 3115; x_wconf 86' lang='lat' dir='ltr'><strong>limbo</strong></span> <span class='ocrx_word' id='word_1_456' title='bbox 1658 3103 1673 3124; x_wconf 89' lang='lat'>,</span> <span class='ocrx_word' id='word_1_457' title='bbox 1708 3069 1783 3114; x_wconf 88' lang='lat' dir='ltr'><strong>cui</strong></span> <span class='ocrx_word' id='word_1_458' title='bbox 1804 3062 2125 3133; x_wconf 70' lang='lat' dir='ltr'><strong>proculdubio</strong></span> 
     </span>
     <span class='ocr_line' id='line_1_86' title="bbox 1153 3133 2119 3205; baseline -0.003 -21"><span class='ocrx_word' id='word_1_459' title='bbox 1153 3133 1386 3205; x_wconf 69' lang='lat' dir='ltr'><strong>appositos</strong></span> <span class='ocrx_word' id='word_1_460' title='bbox 1412 3154 1506 3185; x_wconf 93' lang='lat' dir='ltr'><strong>non</strong></span> <span class='ocrx_word' id='word_1_461' title='bbox 1526 3133 1658 3183; x_wconf 79' lang='lat' dir='ltr'><strong>fuisse</strong></span> <span class='ocrx_word' id='word_1_462' title='bbox 1677 3137 1848 3187; x_wconf 87' lang='lat' dir='ltr'><strong>docent</strong></span> <span class='ocrx_word' id='word_1_463' title='bbox 1872 3151 2119 3182; x_wconf 78' lang='lat' dir='ltr'><strong>ornamen—</strong></span> 
     </span>
     <span class='ocr_line' id='line_1_87' title="bbox 1152 3203 2128 3274; baseline -0.004 -19"><span class='ocrx_word' id='word_1_464' title='bbox 1152 3221 1199 3257; x_wconf 86' lang='lat' dir='ltr'><strong>ta</strong></span> <span class='ocrx_word' id='word_1_465' title='bbox 1216 3243 1233 3273; x_wconf 51' lang='grc' dir='ltr'>ἔ</span> <span class='ocrx_word' id='word_1_466' title='bbox 1270 3225 1369 3274; x_wconf 81' lang='lat' dir='ltr'><strong>quae</strong></span> <span class='ocrx_word' id='word_1_467' title='bbox 1392 3205 1455 3253; x_wconf 93' lang='lat' dir='ltr'><strong>ibi</strong></span> <span class='ocrx_word' id='word_1_468' title='bbox 1476 3205 1737 3262; x_wconf 74' lang='lat' dir='ltr'><strong>habentur,</strong></span> <span class='ocrx_word' id='word_1_469' title='bbox 1765 3207 1814 3255; x_wconf 83' lang='lat'>&amp;</span> <span class='ocrx_word' id='word_1_470' title='bbox 1831 3204 1963 3257; x_wconf 83' lang='lat' dir='ltr'><strong>tituli,</strong></span> <span class='ocrx_word' id='word_1_471' title='bbox 1983 3203 2128 3271; x_wconf 60' lang='lat' dir='ltr'><strong>supra?</strong></span> 
     </span>
    </p>

    <p class='ocr_par' dir='ltr' id='par_1_22' title="bbox 1992 3277 2122 3344">
     <span class='ocr_line' id='line_1_88' title="bbox 1992 3277 2122 3344; baseline 0.008 -23"><span class='ocrx_word' id='word_1_472' title='bbox 1992 3277 2122 3344; x_wconf 82' lang='lat' dir='ltr'><strong>Apo·</strong></span> 
     </span>
    </p>
   </div>
  </div>
 </body>
</html>
