2425 3747
366 330 390 360 2
406 331 422 360 1
439 330 462 358 2

358 382 475 429 mihi
507 380 837 429 commodavit
865 390 1086 446 prompto
1115 396 1165 426 ac
1191 379 1328 426 hilari

360 453 519 499 animo
551 445 889 499 Illustriffimus
906 448 956 497 &
974 446 1328 499 Reverendiffi-

357 538 462 569 mus
492 519 726 568 Dominus
752 516 1018 566 Franciscus
1046 517 1326 568 Barberinus

355 593 564 639 Camerae
579 584 863 654 Apostolicae
881 588 1095 637 Clericus
1107 624 1124 645 ,
1144 588 1203 636 ad
1215 606 1327 656 prae-

352 657 451 707 sens
489 654 686 724 praefatae
723 654 1030 712 Bibliothecae
1068 658 1290 707 dominus
1306 694 1322 715 ,

353 728 429 775 cui
451 726 512 775 ob
531 725 580 777 id
600 744 694 775 non
713 729 902 793 exiguas
921 730 1127 795 rependo
1140 743 1294 795 grates
1309 765 1320 781 2

771 308 1194 361 VETERA
1265 308 1957 363 MONIMENTA

1382 379 1463 427 Ll,
1480 376 1811 432 Abrahamum
1837 382 1980 433 refert
1992 416 2006 437 ‚
2018 380 2128 429 cum
2147 395 2237 432 tres
2250 388 2350 432 An-

1378 449 1508 516 gelos
1527 450 1716 516 excepit
1732 450 1935 517 hospitio
1950 488 1966 509 ‚
1993 453 2042 500 &
2063 464 2154 501 tres
2180 454 2346 508 videns

1379 536 1530 570 unum
1547 518 1766 567 adoravit
1779 555 1795 577 ,
1822 521 1869 566 in
1888 521 1972 570 hoc
1995 522 2246 572 Trinitatis
2265 541 2344 570 au-

1377 585 1642 655 gustiffimae
1662 602 1910 639 veneratus
1930 591 2229 661 mysterium.
2244 594 2344 642 Adi

1378 656 1614 711 Geneseos
1639 678 1738 727 cap.
1768 665 1842 708 18.
1866 659 1946 708 ubi
1976 663 2095 711 haec:
2132 663 2350 729 Apparuit

1377 744 1514 777 autem
1535 735 1575 778 ci
1587 731 1799 780 Dominus
1816 735 1865 779 in
1886 736 2084 784 convalle
2100 732 2344 784 Mambre-2

431 796 588 843 Prima
619 798 765 865 igitur
802 794 960 848 tabula
987 834 1004 855 ,
1041 817 1141 865 quae
1174 801 1320 848 choro
1358 800 1535 869 fidenti
1569 805 1618 849 in
1647 805 1760 852 ostio
1784 800 2046 853 tabernaculi
2064 805 2143 870 fiii
2174 809 2223 852 in
2257 808 2345 872 ipfh

350 868 617 933 proximior
644 865 709 916 est
738 866 797 920 ad
823 865 1052 920 sinistram
1078 871 1321 920 introeun-
1357 869 1546 938 ftrvore
1574 872 1686 921 dici:
1725 874 1911 938 Cumque
1942 874 2147 939 elev-fft
2176 878 2342 932 oculos,

350 937 502 995 tium,
534 934 612 986 seu
644 936 703 985 ad
736 936 1021 996 meridiem,
1059 941 1319 992 Melchise-

349 1005 554 1056 dechum
580 1006 804 1064 denotat,
833 1009 914 1074 qui
935 1010 984 1055 in
1006 1007 1223 1062 manibus
1238 1013 1319 1060 ha-

350 1074 430 1125 bet
453 1073 704 1126 canistrum
738 1078 975 1144 repletum
1008 1077 1235 1147 panibus,
1270 1085 1319 1134 &

347 1164 429 1194 vas
464 1147 577 1198 vino
606 1167 622 1207 3
667 1149 966 1215 occurritque
1004 1151 1206 1205 Abrahae
1243 1171 1317 1203 re-

346 1215 513 1265 deunti
542 1219 567 1265 a
583 1218 789 1283 quinque
813 1221 1003 1287 Regum
1020 1220 1315 1289 profligatio-

345 1304 430 1344 ne,
464 1286 622 1358 spoliis
648 1285 850 1341 hostium
878 1291 927 1343 ὃς
956 1290 1173 1343 laudibus
1199 1312 1314 1343 Onu,

343 1355 411 1403 sto
431 1392 446 1413 ‚
466 1358 600 1423 eique
621 1355 1003 1409 benedIRionem
1024 1363 1316 1429 impertitur,

345 1428 468 1475 Gen.
488 1445 587 1494 cap.
610 1446 681 1491 14.
704 1447 776 1487 19.
796 1433 924 1485 Deus
945 1432 1054 1483 inde
1074 1433 1097 1480 ὲ
1115 1432 1317 1487 nubibus

343 1495 565 1563 prodiens
583 1500 900 1565 conspiciturQ
935 1519 987 1549 ac
1005 1501 1319 1557 Melchisede-

344 1565 432 1614 cho
465 1584 669 1620 annuens
693 1567 706 1613 .’
743 1570 882 1623 Hanc
918 1573 1158 1638 pisturam.
1185 1575 1317 1623 exhi-

343 1633 433 1684 beo
456 1637 503 1687 in
522 1636 644 1684 Tab.
665 1638 717 1689 Lq
745 1636 831 1691 sub
850 1638 926 1706 fig.
951 1662 989 1689 1.
1026 1644 1315 1692 Lectorem„

1370 955 1648 1008 apparuerunt
1669 947 1709 994 ei
1735 959 1822 991 tres
1851 947 1952 997 viri
1979 946 2148 994 flantes
2171 959 2342 1010 propa,

1371 1033 1461 1063 eum
1478 1035 1488 1061 :
1527 1032 1623 1080 quos
1642 1017 1734 1063 cum
1751 1013 1860 1062 ‘vidi
1898 1032 1937 1062 ct
1954 1050 1971 1071 ,
2006 1017 2192 1062 cucurrit
2209 1019 2256 1061 in
2273 1035 2340 1062 oc-

1372 1086 1534 1152 cursum
1558 1103 1693 1132 eorum
1724 1085 1776 1132 de
1803 1086 1913 1133 ostio
1947 1083 2214 1132 tabernaculi
2237 1119 2253 1140 ,
2289 1089 2342 1135 ὠ·

1372 1156 1584 1207 adoravit
1610 1160 1658 1204 in
1685 1172 1870 1206 terram.
1908 1153 1967 1202 Et
1992 1154 2117 1202 dixit
2143 1173 2155 1200 :
2193 1155 2343 1203 Domi-

1371 1246 1422 1274 ne
1437 1261 1452 1282 ,
1476 1225 1529 1293 st
1540 1229 1702 1274 inveni
1710 1227 1901 1293 gratiam
1922 1229 1971 1273 in
1987 1227 2119 1274 oculis
2138 1228 2227 1272 tuis
2244 1258 2260 1280 ,
2288 1245 2340 1272 ne

1368 1297 1750 1363 tranftasfirvum
1771 1313 1887 1343 tuum
1907 1314 1917 1340 :
1943 1297 2031 1364 fi‘d
2045 1295 2222 1366 affbram
2237 1310 2342 1358 pau-

1368 1367 1528 1414 xillum
1551 1383 1660 1432 aquae
1674 1400 1690 1421 ,
1725 1367 1780 1414 (9⁴
1807 1367 1960 1413 lavate
1972 1367 2103 1430 pedes
2133 1368 2313 1415 ‘vestros
2328 1400 2341 1420 ,

1369 1439 1424 1485 &⁶
1445 1438 1690 1504 requiescite
1697 1434 1781 1503 fitb
1797 1433 1942 1482 arbore
1956 1470 1965 1480 .
1993 1437 2234 1502 Ponamquc
2247 1435 2340 1483 buc-

1368 1507 1516 1554 cellam
1525 1510 1657 1573 panis
1674 1540 1690 1562 ,
1709 1508 1763 1554 &¹
1777 1501 2007 1572 confortitte
2026 1523 2094 1553 cor
2111 1507 2342 1562 vestrum,

1361 1577 1513 1640 postca
1537 1573 1803 1640 tranfibitis:
1845 1576 2005 1624 idcirc&
2021 1579 2134 1624 enim
2148 1575 2338 1623 declina-

1365 1647 1455 1694 His
1474 1648 1719 1712 adscrvum
1737 1645 1941 1698 <vestrum
1954 1679 1963 1688 .
1989 1645 2092 1718 Qi
2107 1645 2343 1705 dixerunt3

341 1717 502 1756 autem
533 1705 837 1760 admonitum
859 1711 974 1758 volo
990 1747 1006 1774 2
1036 1711 1316 1766 tabulasaeri
1354 1713 1435 1783 fac
1459 1733 1506 1764 ut
1531 1717 1689 1769 locutus
1704 1733 1745 1761 es
1763 1747 1773 1757 .
1803 1713 2064 1763 Festinavit
2083 1712 2340 1768 Abrahanm

341 1771 504 1823 incisas
534 1771 665 1828 fuisse
684 1811 700 1840 ἃ
735 1790 989 1844 antequam
1015 1782 1206 1831 illarum
1237 1782 1315 1832 de-.
1366 1789 1414 1832 in
1438 1782 1751 1837 tabernaculum
1768 1782 1827 1829 ad
1837 1783 1989 1831 Sarum
2008 1820 2023 1841 ,
2052 1785 2254 1852 dixitque
2269 1791 2340 1834 ei:

337 1841 649 1911 scriptionem
667 1847 940 1900 inchoarem
954 1886 970 1913 2
986 1852 1035 1907 &
1052 1852 1312 1906 earundem

1366 1858 1584 1912 accelera,
1621 1858 1710 1904 tria
1726 1854 1997 1921 fhtaflmilae
2019 1857 2258 1924 commisce,
2286 1859 2341 1904 (Υ

340 1913 560 1964 ordinem
579 1951 594 1972 2
633 1931 773 1983 prout
787 1923 912 1981 jacet
929 1956 946 1981 2
980 1924 1006 1970 ὲ
1026 1922 1210 1977 Ρίἑὶοῑε
1228 1926 1313 1970 mia
1350 1924 1432 1992 fite
1446 1925 1754 1992 subcinericios
1775 1938 1935 1990 panes:
1972 1927 2059 1992 ips}
2076 1931 2183 1984 verb
2201 1925 2260 1972 ad
2275 1942 2339 1972 ar-

338 1984 465 2037 nime
496 1981 736 2039 servatum
756 2024 774 2040 -.=
805 1991 967 2055 Qare„
992 1988 1132 2042 satius
1160 1991 1313 2042 existi-i
1366 2011 1549 2044 mentum
1572 1999 1755 2043 cucurrit
1770 2030 1784 2051 ‚
1821 1998 1876 2045 ὼ·
1892 1998 1997 2043 tulit
2016 1996 2119 2043 inde
2139 1997 2338 2044 ‘vitulum

337 2055 469 2105 mavi
501 2055 548 2103 in
578 2072 741 2111 earum.
762 2057 1074 2128 descriptione
1095 2081 1211 2119 eum
1236 2080 1312 2111 or-‚

337 2122 502 2174 dinem
521 2120 668 2192 sequi,
684 2126 825 2192 quem
848 2131 895 2180 in
915 2133 1094 2199 pariete
1115 2132 1320 2194 habent,

337 2195 479 2259 quam
508 2212 649 2259 quem
681 2197 837 2251 Pictor
868 2201 933 2248 eis
959 2200 1156 2250 tribuit.
1194 2205 1305 2252 Hoc

335 2263 384 2310 in
418 2263 629 2313 Le&0ris
659 2269 862 2334 gratiam
889 2270 1073 2320 dietum
1096 2270 1155 2321 fit
1181 2309 1192 2320 .
1232 2275 1307 2326 Ut

335 2344 498 2384 autem
516 2333 698 2389 Mufivi
736 2341 890 2405 operis
919 2358 1055 2413 pars,
1084 2361 1215 2409 quae,
1253 2357 1308 2392 ut

332 2399 470 2470 supra
497 2406 921 2458 animadvertimus
939 2446 955 2468 ,
987 2411 1157 2474 injuriz'i
1187 2426 1307 2462 tem-2

335 2489 507 2539 porum
539 2475 741 2543 collapsa
761 2514 777 2538 ‚
806 2480 989 2546 picture'i
1021 2501 1046 2530 a
1065 2482 1308 2532 Cardinali

331 2542 514 2592 Pinello
537 2542 749 2613 suppleta
767 2547 889 2607 fuit,
919 2549 977 2599 ab
999 2551 1217 2602 omnibus
1242 2553 1309 2602 di·-

331 2611 632 2682 gnosceretur
642 2650 660 2679 ,
676 2615 879 2671 stellulas
897 2620 1188 2679 addidimus,
1208 2642 1309 2690 quae

333 2683 566 2751 pisturam,
606 2706 630 2735 a
661 2687 856 2738 Mufivo
891 2709 1037 2759 opere
1074 2691 1306 2743 discrimiq

331 2768 501 2802 natent
521 2790 531 2801 .

402 2824 505 2872 Nec
518 2822 756 2876 dubitatio
776 2831 931 2897 aliqua
950 2830 1114 2883 inferri
1135 2832 1304 2902 potest,

330 2892 460 2957 quod
476 2894 795 2948 Melchisedec
819 2919 959 2967 panes
985 2899 1180 2961 offerat,
1212 2921 1305 2952 non

330 2978 529 3031 panem,
565 2980 726 3013 contra
754 2970 803 3017 id
831 2971 959 3036 quod
990 2972 1191 3022 habetur
1215 2976 1302 3023 ἰὼ

327 3029 465 3089 sacris
493 3033 657 3086 Bibhis
678 3038 881 3105 vulgatae
901 3041 1122 3092 editionis
1138 3080 1155 3101 ,
1192 3046 1302 3111 quia

328 3103 379 3153 in
405 3105 568 3154 Graeca
597 3103 811 3157 versione
833 3128 913 3168 70.
944 3115 1301 3180 Interpretum,

328 3175 435 3223 Rex
461 3175 802 3243 protulitpanes
819 3184 874 3230 ὠ·-
891 3184 1076 3232 vinum:
1104 3183 1151 3229 in
1175 3188 1299 3232 Ara-

330 3243 434 3295 bica
455 3244 567 3297 vero
595 3246 734 3297 cibum
751 3253 805 3300 ἐν
824 3254 985 3300 vinum
1006 3286 1018 3296 .

400 3315 610 3369 Secunda
633 3317 957 3388 tabula‚quam
979 3322 1198 3390 ponimus
1217 3339 1298 3372 nu-

1363 2071 1638 2115 tenerrimum
1670 2068 1723 2114 Θ
1741 2070 1942 2131 optimum
1959 2101 1974 2122 ,
2012 2065 2212 2133 deditque
2232 2079 2337 2131 pue-

1358 2139 1403 2186 'ro
1427 2157 1438 2184 :
1477 2141 1550 2204 qui
1564 2154 1567 2156 ’
1567 2135 1828 2203 fift'inavit
1855 2141 1907 2185 (9¹
1940 2141 2059 2185 coxit
2091 2139 2219 2186 illum
2243 2138 2334 2185 &a

1359 2209 1431 2254 Ex
1448 2205 1615 2273 quibus
1645 2203 1804 2253 verbis
1833 2218 1962 2274 patet
1986 2211 2081 2268 jam
2100 2207 2245 2254 totius
2265 2205 2336 2252 hi-

1358 2275 1509 2331 storiae
1534 2276 1818 2344 explicatio;
1837 2273 1973 2324 habes
1991 2277 2134 2344 porro
2153 2290 2245 2324 tres
2266 2276 2334 2321 vi-

1360 2364 1432 2395 ros
1461 2345 1627 2395 stantes
1655 2347 1703 2392 in
1721 2346 1877 2393 altiori
1906 2347 2016 2412 typi
2036 2359 2168 2412 parte
2195 2356 2333 2392 nota-

1362 2431 1434 2466 tos
1461 2417 1608 2465 literis
1644 2421 1707 2467 Α.
1731 2418 1781 2462 Β.
1805 2418 1862 2463 C.
1894 2428 2003 2463 ante
2031 2433 2146 2481 quos
2178 2411 2332 2461 Abra-

1362 2489 1473 2536 ham
1490 2484 1755 2553 defignatus
1774 2485 1910 2535 lit.D.
1931 2485 2208 2532 adoraturus
2225 2501 2332 2551 pro-

1361 2557 1611 2612 sternitur,
1637 2556 1717 2620 qui
1744 2556 1891 2605 etiam
1908 2555 1955 2600 in
1976 2567 2109 2623 parte
2136 2550 2330 2602 inferio-

1363 2630 1402 2674 ri
1438 2626 1649 2695 praecipit
1669 2627 1787 2676 Sarae
1817 2625 1956 2671 uxori
1983 2636 2154 2673 notatae
2183 2625 2255 2670 lit.
2277 2625 2330 2669 E..

1359 2711 1413 2746 ut
1435 2710 1529 2745 tres
1558 2712 1696 2762 panes
1728 2692 2060 2743 subcinericios
2090 2705 2327 2761 apponat,

1361 2780 1414 2815 ut
1440 2784 1497 2815 ex
1516 2768 1653 2814 litera
1674 2768 1755 2824 F.;
1791 2765 1872 2830 qui
1891 2764 2036 2812 etiam
2056 2762 2213 2831 postea
2242 2764 2328 2810 in-,

1358 2837 1515 2885 mensa
1541 2834 1763 2883 visuntur
1795 2834 2137 2900 triangulares,
2177 2846 2231 2880 ut
2263 2835 2326 2880 G.

1359 2905 1452 2973 quii
1470 2904 1616 2975 figura‘.
1631 2905 1789 2953 Pistor
1821 2904 1966 2951 etiam
1986 2900 2328 2959 Sanctiffimam

1360 2976 1593 3025 Triadem
1620 2970 1951 3024 adumbravit.
1981 2977 2082 3022 Stat
2099 2977 2124 3023 ὲ
2141 2970 2330 3021 finistris

1355 3045 1557 3095 Abrahae
1587 3042 1743 3097 mensa
1756 3078 1772 3100 ,
1800 3040 1859 3089 ad
1877 3061 2016 3109 quam
2035 3057 2126 3093 tres
2146 3043 2326 3111 Angeli

1355 3114 1643 3165 accumbunt
1662 3149 1677 3175 2
1713 3113 1794 3180 qui
1821 3125 1875 3160 ut
1893 3111 2195 3183 insigniores,
2227 3115 2326 3161 dia-

1355 3185 1543 3235 demate
1580 3182 1933 3251 distinguuntur
1959 3220 1972 3232 .
2009 3186 2150 3233 Hanc
2182 3180 2324 3237 histo-

1354 3257 1477 3303 riam
1507 3255 1695 3307 eximiis
1725 3251 1960 3301 illustrant
1980 3252 2323 3303 observationi-

1354 3324 1436 3375 bus
1455 3327 1636 3386 Patres,
1661 3338 1886 3393 tanquam
1906 3321 2319 3440 augustiffimssnf

2229 3441 2233 3443 i
2254 3409 2317 3443 rr-
