2425 3747
719 234 760 285 C
826 228 873 283 Α

60 300 261 349 Artium
297 300 579 351 universitas
606 321 620 349 ε
657 303 834 369 quippe
874 302 1036 350 etiam-

58 387 179 418 num
204 372 340 439 viget
359 369 655 423 consuetudo
688 369 894 420 barbarae
925 391 1036 422 con-

52 439 330 492 'strustionis
349 481 366 503 ,
403 443 619 511 quamvis
639 444 728 490 aevi
754 456 1036 509 praetereun-

56 512 117 557 tis
144 508 347 563 felicitas
379 510 582 579 eousque
607 510 919 581 praestantiam
938 517 1033 562 Ar-

57 580 332 636 chiteffturae
362 585 614 640 evexerit,
655 596 709 630 ut
726 582 867 632 hodie
902 583 1038 634 nobi-2

57 655 183 704 liora
214 667 438 704 veterum
468 672 613 722 opera
643 654 722 702 vel
755 656 927 721 aequari
965 656 1036 703 vi-

60 726 262 775 deantur
275 760 291 783 ,
310 726 389 773 vel
410 723 620 793 superari
643 759 653 770 .
682 728 1037 792 Imperatorum

60 796 186 844 certe
223 795 456 845 strustura
495 795 700 844 lateritia
743 794 1036 862 postliminio

57 865 210 915 redux
240 865 490 935 inspicitur
515 867 563 912 in
596 861 717 914 facie
739 867 908 913 Palatii
928 870 1035 914 Far-

53 934 236 985 nefiani
249 972 264 994 ,
281 940 306 986 a
322 935 497 990 celebri
516 935 798 985 Architeffffl
818 937 1037 986 Michae-

56 1007 104 1055 le
141 1008 331 1074 Angelo
365 1009 601 1054 Bonarota
634 1009 830 1055 excitati
852 1044 868 1065 ,
904 1009 957 1057 &
991 1008 1040 1054 in

52 1074 374 1126 exterioribus
411 1079 559 1127 etiam
597 1077 856 1144 parietibus
877 1077 1041 1127 Colle-

53 1148 123 1214 gii
146 1148 354 1194 Romani
372 1183 388 1204 ,
417 1165 602 1197 necnon
626 1147 811 1196 Domus
830 1145 1041 1197 Profeffae

54 1217 310 1265 Societatis
333 1220 492 1284 Jesu,
518 1219 567 1267 ἃ
600 1218 648 1263 in
675 1218 1040 1286 quampluribus

54 1287 163 1334 >aliis
180 1285 357 1334 aedibus
371 1322 389 1343 ,
416 1305 517 1352 quae
536 1289 584 1334 in
601 1286 701 1335 dies
723 1289 974 1357 eriguntur
991 1324 1002 1335 .

128 1354 460 1405 Nihilominus
493 1374 577 1424 pro
610 1354 835 1407 restitutae
859 1359 1037 1408 Archi-

53 1427 251 1476 teRurae
287 1424 583 1486 virtutibus,
623 1429 744 1476 vitia
771 1431 1040 1479 tumultua-

55 1499 134 1546 riae
163 1495 524 1547 constructionis
555 1518 579 1545 a
607 1498 824 1566 pluribus
855 1502 1039 1570 eligun-

56 1579 155 1624 tur,
166 1569 248 1633 qui
264 1567 551 1637 compendio
570 1571 639 1618 rei
661 1568 909 1620 familiaris
928 1590 1040 1622 con·-

54 1633 209 1686 sulere
245 1653 452 1705 putant,
491 1653 544 1687 ut
573 1641 749 1688 minori
787 1642 1038 1711 impendio

53 1708 260 1756 haeredes
303 1709 682 1777 reparationibus
730 1713 1040 1765 incumbere:

58 1775 237 1844 poffint
258 1815 270 1826 .

131 1849 377 1888 Gratulari
401 1862 561 1886 [dinen
578 1846 818 1906 pulsamus
838 1859 940 1893 §PVO
961 1863 1045 1891 DO-

55 1910 150 1960 stro
167 1946 182 1967 ,
203 1915 334 1973 cujus
354 1926 493 1977 opera
513 1906 623 1956 cum
644 1910 692 1955 in
712 1911 862 1957 ruinis
883 1914 1040 1977 requi-

50 1995 164 2030 ‘rent
198 1978 369 2046 posteri
394 2015 410 2037 ,
445 1979 524 2027 vel
557 1995 853 2047 component
886 1999 1040 2030 cum-2

58 2052 255 2119 optimis
271 2085 289 2109 ,
313 2051 392 2099 vel
414 2048 742 2101 laudatissimis
761 2049 1039 2120 praeferent,

276 2189 655 2250 CAPUT
730 2196 825 2243 IX.

59 2330 288 2411 Qomo-db
315 2353 365 2382 ex
395 2351 563 2379 numero
584 2368 600 2389 ,
636 2335 924 2397 amplitudine
940 2371 956 2394 ,
995 2354 1042 2385 ac

151 2402 605 2473 firmaftnessrarum
624 2439 640 2460 ,
671 2419 834 2470 tempus
858 2426 936 2475 quo

240 2477 461 2543 Aedificia
486 2474 837 2547 construffastnc
853 2515 868 2537 ,

375 2544 526 2594 deduci
545 2548 698 2596 valeat
720 2583 734 2594 .

249 2682 488 2753 Uaecunque
514 2706 569 2734 ex
604 2689 788 2758 diversit
819 2690 1040 2741 lec‘i‘ione„

65 2683 525 2862 Qongffmus
544 2792 559 2813 ,
596 2760 790 2808 debemus
809 2763 1043 2829 separare3

307 2830 459 2877 meliits
481 2832 595 2875 enim
613 2830 832 2880 diffinffa
846 2834 1040 2899 servan·

62 2909 137 2942 tur
155 2929 165 2940 .
205 2894 380 2946 Deinde
398 2897 599 2949 adhibite}
626 2905 798 2970 ingenii
815 2906 958 2953 noft'ri
977 2924 1041 2952 cn-

63 2970 115 3014 νᾶ
130 2999 145 3020 ,
174 2963 446 3034 &ficultase
460 3004 475 3024 ,
496 2974 544 3017 in
559 2975 888 3039 unumfhporem
905 2980 1040 3024 varia

61 3037 148 3084 illa
159 3034 392 3087 libamenta
409 3038 661 3107 confitndere
677 3078 687 3088 .
727 3048 801 3092 Ita
821 3046 940 3092 olim
959 3048 1036 3093 Se-

67 3118 181 3150 neca
215 3107 402 3158 Lucilio
435 3107 660 3157 suadebat
699 3113 746 3160 in
775 3113 920 3181 Epist.
955 3121 1035 3178 84.

67 3172 209 3224 Idem
237 3179 357 3227 mihi
385 3178 570 3229 servare
600 3181 776 3246 placuit
805 3186 854 3230 in
884 3186 1040 3253 legen-

65 3244 137 3293 dis
172 3249 480 3314 antiquorum
510 3248 738 3300 ruderum
768 3256 1038 3306 monimen-

140 3313 287 3367 Par.I.

945 226 1429 286 PvT-zx.

1090 303 1167 361 tis,
1181 318 1390 369 quorum
1408 297 1584 368 species
1598 313 1819 369 apertum
1835 257 2071 359 volumgg

1091 371 1156 422 est
1177 409 1193 430 ,
1229 370 1362 420 suam
1394 368 1597 422 referens
1629 373 2035 441 autographiam„
2057 416 2068 427 ,

1092 441 1221 494 Cum
1244 444 1373 490 enim
1401 444 1427 491 a
1457 440 1649 510 singulis
1675 442 1931 511 diligenter
1958 465 2068 515 pro-

1091 515 1213 581 prias
1229 509 1453 577 quasdam
1472 527 1605 561 notas
1620 513 1940 582 excerpserim
1954 553 1970 575 ,
1991 537 2073 566 va-

1091 586 1213 631 riam
1239 580 1641 632 consti-uffionem
1659 620 1676 641 ,
1708 603 1760 632 ac
1791 598 2071 654 temporum

1090 653 1307 701 indolem
1323 651 1601 712 indicantes,
1618 656 1756 703 volui
1775 672 2073 724 unamquan-

1090 741 1180 792 que
1199 725 1340 773 certis
1361 722 1594 790 capitibus
1610 722 1889 792 singillatim
1917 729 2072 777 inclu-

1089 795 1235 852 dere,
1269 808 1322 841 ut
1351 812 1516 842 omnes
1547 795 1595 841 in
1624 811 1770 844 unam
1799 799 1946 846 aetatis
1965 836 1983 857 ,
2020 819 2073 849 ac

1092 864 1291 913 historiae
1333 861 1420 913 suae
1458 860 1677 915 tesseram
1713 865 2029 917 coalescerent
2057 907 2068 917 .

1092 934 1345 1002 Postquam
1366 937 1512 1004 igitur
1528 934 1759 1004 superiori
1778 934 2077 988 Dissertatio-

1094 1025 1151 1056 ne
1176 1008 1333 1055 conati
1359 1006 1515 1055 sumus
1540 1007 1838 1077 expendere,
1873 1027 2074 1076 quomo·

1095 1077 1158 1126 do
1196 1096 1255 1126 ex
1292 1080 1597 1144 antiquorum
1640 1077 1951 1128 aedificiorum
1989 1099 2076 1129 cae-

1095 1150 1265 1197 mentis
1293 1149 1489 1196 illorum
1505 1162 1610 1196 aetas
1631 1148 1869 1216 probabili
1891 1148 2078 1199 senten·

1095 1216 1161 1267 tia
1194 1215 1330 1286 poffit
1357 1217 1637 1279 dijudicari3
1671 1219 1912 1285 reliquum
1932 1216 1998 1268 est
2024 1233 2079 1268 ut

1094 1290 1428 1358 experiamur,
1446 1308 1502 1336 an
1523 1289 1612 1335 alia
1635 1288 1865 1357 superiint
1882 1291 1929 1337 in
1949 1288 2078 1339 hisce

1094 1358 1344 1409 ruderibus
1361 1361 1570 1426 partium
1587 1356 1863 1407 discrimina
1877 1395 1893 1416 ,
1913 1362 1960 1406 in
1980 1362 2082 1427 qui-

1094 1432 1179 1481 bus
1198 1432 1361 1477 nativa
1377 1430 1531 1478 veluti
1553 1427 1734 1499 effigies
1755 1426 1980 1496 cujusque
2004 1429 2080 1479 sae-

1093 1505 1190 1552 culi
1220 1514 1446 1568 appareat
1464 1536 1475 1547 .

1195 1570 1523 1621 Fenestrarum
1550 1569 1698 1639 figura
1720 1608 1737 1630 ,
1774 1573 1824 1622 ὃ(
1852 1587 2084 1619 numerus

1093 1639 1363 1711 plurimum
1383 1642 1503 1689 mihi
1525 1644 1754 1692 videntur
1772 1639 1989 1692 conferre
2024 1640 2085 1689 ad

1094 1716 1212 1760 hanff
1242 1730 1341 1752 ram
1362 1710 1688 1753 illustr-andana
1710 1749 1719 1753 -
1753 1714 1924 1772 Nequi}
1953 1713 2085 1757 enim

1096 1774 1383 1822 varietatem
1420 1770 1613 1819 illarum
1648 1773 1769 1821 adeo
1810 1774 2084 1843 promiscue

1096 1841 1373 1909 usurpatam
1407 1839 1567 1907 priscis
1606 1845 1905 1911 temporibus
1943 1862 2083 1896 autu-

1096 1931 1176 1960 mo
1196 1947 1211 1967 ,
1250 1924 1303 1958 ut
1323 1912 1460 1958 certis
1490 1910 1780 1976 quibusdam
1803 1918 1979 1982 regulis
1999 1919 2083 1967 ad-

1096 1982 1259 2051 stringi
1278 1999 1373 2029 non
1395 1981 1604 2048 patiatur
1621 2018 1631 2027 .
1654 1985 1715 2030 Et
1731 1988 1952 2051 quamvis
1969 1989 2084 2034 alia-

1095 2072 1204 2102 rum
1226 2053 1437 2101 latitudo
1461 2057 1615 2116 major
1633 2050 1719 2112 fit,
1745 2056 1948 2105 aliarum
1968 2055 2084 2106 bafis

1096 2122 1365 2192 angustior,
1404 2122 1620 2170 rotundae
1650 2126 1752 2173 aliae
1774 2161 1791 2183 ,
1831 2128 1932 2176 aliae
1966 2146 2082 2194 qua-

1097 2195 1237 2244 dratae
1254 2230 1270 2251 ,
1289 2193 1505 2260 quaedam
1526 2192 1903 2245 semicirculares
1917 2233 1934 2254 ,
1956 2216 2082 2264 quae=

1097 2266 1209 2315 dam
1230 2261 1428 2314 bisse6³m3
1444 2299 1459 2321 ,
1489 2260 1645 2312 formai
1667 2264 1873 2333 denique
1887 2303 1905 2324 ‚
1931 2265 2047 2317 serie
2065 2304 2081 2326 ,

1096 2353 1300 2385 numero
1333 2337 1454 2383 inter
1488 2333 1532 2383 se
1560 2333 1861 2404 discrepent:
1892 2334 2082 2387 servan-t

1096 2422 1261 2456 tamen
1289 2409 1376 2462 (ut
1397 2423 1454 2453 ex
1477 2407 1680 2472 antiquis
1709 2406 1919 2456 aedificiis
1940 2408 2082 2477 longai

1099 2475 1390 2545 inspeRione
1414 2475 1601 2539 didici)
1629 2478 1899 2546 analogiam
1930 2497 2079 2545 quan-

1097 2551 1210 2597 dam
1229 2567 1289 2597 eae
1303 2584 1318 2605 ,
1345 2564 1549 2614 quarum
1571 2560 1676 2595 aetas
1694 2552 1965 2597 communis
1988 2549 2080 2607 est,

1099 2618 1404 2688 produntque
1444 2620 1535 2675 (ut
1564 2620 1631 2665 ita
1665 2618 1861 2682 dicam)
1890 2617 2080 2687 singulae

1095 2690 1196 2738 suas
1221 2689 1421 2756 aequales
1440 2724 1450 2734 .

1168 2760 1336 2826 Neque
1354 2759 1473 2808 vero
1490 2794 1505 2815 ,
1539 2758 1657 2806 dum
1676 2758 1754 2807 has
1775 2777 1903 2809 meas
1922 2757 2077 2810 obser-

1094 2833 1311 2880 vationes
1340 2829 1556 2886 adduco,
1594 2830 1803 2878 aliorum
1834 2832 2077 2896 conjetstu-

1093 2919 1163 2949 ras
1191 2900 1431 2960 excludo,
1462 2901 1735 2967 quinimmo
1757 2901 2079 2951 lubentissime

1091 2967 1667 3020 corisuluiffemAu&ores
1685 2989 1847 3021 rerum
1867 2975 2079 3037 antiqua-

1092 3061 1201 3091 rum
1220 3039 1449 3092 studiosos
1467 3077 1482 3098 ,
1514 3038 1549 3089 fi
1568 3060 1841 3109 quenquam
1862 3038 2079 3089 rescivis-

1093 3111 1190 3162 sem
1216 3115 1263 3160 in
1285 3114 1369 3161 hac
1390 3114 1588 3161 materia
1615 3115 1748 3179 typis
1764 3111 1946 3178 aliquid
1968 3128 2077 3159 con-

1094 3179 1284 3253 signasse
1303 3220 1312 3231 .
1344 3183 1434 3232 Sed
1464 3180 1573 3230 cum
1596 3184 1783 3236 nullus,
1823 3199 1965 3248 quem
1993 3179 2075 3228 ad·-

1092 3256 1184 3303 huc
1216 3252 1361 3303 sciam
1381 3290 1398 3312 ,
1435 3251 1530 3299 haec
1559 3252 1833 3317 prosecutus
1864 3250 1922 3300 sit
1938 3287 1954 3309 ,
1992 3264 2076 3298 aut

1586 3322 1627 3367 K
1980 3323 2075 3367 ani-
