2482 3742
679 304 719 355 C
788 305 835 353 A
906 305 946 353 P
1020 303 1066 355 U
1138 303 1184 351 T
1283 301 1587 354 XXVIII.

183 374 316 423 Huic
333 370 570 420 sententiae
592 372 868 421 Alexander
885 377 1098 422 Donatus

121 443 305 492 erudite
325 478 340 500 ,
376 461 426 489 ac
449 443 667 510 peracute
686 444 891 494 accurrit
907 479 924 501 ,
957 457 1095 491 tuen-

121 514 185 561 do
214 514 494 561 contrariam
520 534 534 573 ;
570 509 625 562 ac
653 512 832 561 duabus
865 513 1098 581 praecipue

125 582 186 630 de
205 578 347 630 caufis
372 596 596 631 movetur-
617 620 628 630 .

192 653 345 699 Prima
367 669 424 700 ex
442 648 679 720 Gregorio
708 656 889 722 Magno
917 648 1101 701 desum-

120 733 203 791 pta
219 719 349 769 estin
371 737 415 780 3.
431 723 622 791 Dialog.
639 741 739 790 cap.
758 738 836 781 30.
852 723 950 788 qui,
964 723 1100 772 Aria-

120 810 273 840 norum
292 791 495 859 (inquit)
517 792 698 861 Ecelcfia
727 797 776 841 in
800 794 992 861 Regione
1015 792 1102 844 Ur-

118 861 186 911 bis
214 863 342 925 hujus
368 898 384 920 ,
420 882 502 932 que
534 865 702 914 Subura
729 865 893 913 dicitur
919 898 935 919 ,
973 867 1101 912 clim..

118 932 260 999 clausa
286 932 409 1000 usque
441 950 539 981 ante
562 933 783 983 biennium
808 933 1069 1002 remansifflc
1085 967 1101 989 ,

111 1004 280 1069 placuit
297 1035 312 1057 ‚
342 1018 390 1050 ut
409 1008 457 1051 in
474 1004 581 1053 Fide
599 1007 822 1056 Catholica
836 1002 1100 1053 introduHis

120 1074 220 1123 illic
245 1073 299 1121 Β.
323 1073 356 1121 S
360 1072 580 1124 ebafliani
593 1111 609 1132 ,
635 1077 689 1125 ἐν
704 1076 752 1124 S.
773 1077 953 1143 Agachae
968 1072 1033 1122 M
1036 1090 1101 1121 ar-

120 1160 264 1210 tyrum
282 1143 507 1212 Reliquiis
525 1145 719 1195 dedicari
736 1145 939 1214 debuiffiet
952 1180 967 1202 ,
997 1142 1107 1213 quod

108 1212 282 1281 ficium
300 1214 367 1263 eff
387 1251 397 1262 .
440 1219 514 1266 Ac
542 1217 589 1264 in
613 1213 696 1264 lib.
715 1230 848 1284 3.ep.
873 1234 947 1278 19.
1031 1218 1103 1262 uia

120 1304 217 1351 ergo
245 1288 265 1338 <
287 1285 438 1348 inquit
456 1297 476 1348 )
514 1285 695 1350 Ecclafia
710 1287 756 1335 S.
779 1285 1101 1352 Agathaefich

121 1358 171 1403 in
195 1352 388 1411 Subura,
426 1373 510 1423 que
527 1355 733 1420 spelunca
748 1352 851 1420 fiiit
876 1356 1101 1419 aliquando

113 1427 366 1490 pravitatis
394 1426 592 1474 haereticae
609 1460 624 1482 ,
661 1424 720 1473 ad
742 1423 969 1474 Catholicae
985 1424 1102 1491 fidei

123 1495 350 1552 culturam,
394 1496 485 1544 Deo
502 1498 771 1561 propitiante
786 1531 801 1552 ,
835 1493 1010 1544 reduHa
1035 1495 1102 1543 eff

123 1569 215 1614 &a
242 1582 341 1630 quae
359 1563 560 1614 Ecclesia
588 1561 669 1614 fita
689 1562 755 1614 est
774 1567 821 1612 in
838 1566 918 1612 illa
936 1564 1102 1630 Qiri-

122 1634 239 1681 nalis
256 1648 386 1701 parte
400 1671 415 1692 ,
443 1654 543 1701 quae
563 1636 864 1684 Viminalem
882 1631 1076 1700 respicit
1091 1669 1107 1690 ‚

123 1720 252 1751 nunc
291 1701 372 1750 sub
416 1704 656 1754 Viridario
698 1700 1105 1753 Excellentiffimae

124 1771 611 1824 Aldobrandinorum
640 1774 833 1822 familiae
851 1810 861 1821 .

225 1845 437 1893 Secunda
475 1859 637 1893 autem
670 1846 790 1893 ratio
824 1846 1015 1894 elicitur
1047 1863 1105 1893 ex

124 1915 368 1964 Martialis
387 1916 547 1984 Epigr.
577 1933 651 1976 19.
677 1913 787 1963 lib.1
801 1934 844 1962 0.
872 1917 918 1963 in
934 1933 1026 1981 quo
1046 1915 1105 1966 de

125 1985 268 2033 Plinii
292 1988 495 2054 Nepotis
512 1986 657 2035 domo
678 1982 739 2033 fic
758 1986 957 2034 cecinit.

198 2054 301 2104 Illic
322 2057 490 2122 Orphea
504 2063 705 2123 protinus
722 2055 903 2105 ‘videbis

197 2126 350 2176 Altum
371 2132 548 2176 vincere
568 2132 785 2176 tramitem
800 2126 971 2176 Suburae
984 2160 1000 2182 ,

199 2195 299 2248 Udi
323 2203 492 2247 vertice
511 2197 717 2248 lubricum
732 2197 918 2249 Theasm'
934 2233 949 2254 ,

195 2265 635 2336 Jlslirantesqueseras
652 2306 667 2326 ,
704 2288 912 2336 avemque
938 2268 1074 2333 Regis
1088 2303 1104 2325 ,

195 2338 387 2406 Raptum
406 2359 488 2402 quae
501 2341 675 2410 Phryga
695 2343 880 2407 pertulit
891 2338 1106 2388 Tonanti.

197 2409 268 2456 Ex
287 2414 355 2458 his
386 2412 631 2475 antiquam
664 2409 896 2460 Suburam
920 2409 1107 2457 &Clivo

129 2483 175 2530 S.
195 2480 352 2527 Luciae
389 2482 435 2527 in
455 2482 595 2529 Silice
613 2517 627 2538 ,
659 2483 716 2531 ad
742 2483 958 2531 Pantanos
983 2495 1107 2525 nunc

126 2547 277 2618 vulg-J>
305 2549 453 2598 ἀίξὶοε
469 2585 484 2607 ,
504 2549 562 2598 ad
578 2551 1006 2620 Amphitheatrum
1027 2548 1109 2595 Ti-

130 2623 200 2678 ti,
230 2618 287 2666 ad
309 2616 501 2669 Caesaris
517 2617 672 2668 forum
689 2659 704 2680 ,
723 2621 781 2669 ad
804 2624 848 2667 S.
865 2619 1107 2688 Agatbam

129 2692 179 2738 in
208 2691 450 2756 Qiirinali
480 2726 495 2748 ,
534 2691 582 2740 &
615 2710 696 2758 per
731 2687 1015 2755 consequens
1047 2687 1106 2737 ad

129 2778 346 2828 magnam
364 2761 624 2810 Viminalis
658 2775 837 2830 partem
861 2758 1102 2809 extendit.

199 2835 268 2877 At
302 2831 395 2879 hec
427 2830 641 2879 adduciae
673 2833 874 2880 rationes
906 2829 1105 2878 minime

126 2898 430 2968 quaestionem
451 2898 644 2949 solvunt
662 2939 676 2960 ‚
714 2898 910 2966 talisque
934 2900 1104 2948 dilata-

131 2973 233 3027 tio,
271 2969 535 3021 vastitatem
563 2971 681 3040 sapit
703 3009 712 3019 .
753 2970 913 3019 Primo
948 2967 1105 3022 Urba-

131 3058 200 3088 nae
218 3038 395 3088 Tribus
420 3055 621 3107 quatuor
643 3039 801 3092 fuere:
840 3039 1104 3105 Esquilina,

132 3127 234 3177 quae
257 3107 514 3158 secundum
542 3116 809 3162 Varronem
827 3148 842 3169 ,
875 3109 1103 3176 Esquilias

133 3178 367 3245 capiebat,
385 3180 576 3230 Collina
594 3184 896 3247 Quirinalem
912 3217 926 3237 ,
943 3199 994 3227 ac
1014 3180 1102 3229 Vi-

131 3250 378 3308 minalem,
393 3251 599 3299 Palatina
618 3251 885 3300 Palatinum
906 3251 1099 3307 collem,

116 3317 459 3441 ssscssubprana
494 3321 712 3372 Coelium
742 3325 992 3383 Montem3
1030 3323 1100 3370 At

240 3405 301 3438 ar.
334 3425 345 3438 .

2023 322 2048 352 2

1151 387 1259 440 pote
1269 375 1328 419 rit
1348 391 1402 420 nc
1422 376 1441 428 ζ
1457 376 1694 420 exclamat
1710 369 1840 419 idem
1858 322 2122 438 Nardiniig

1150 440 1332 490 Subura
1363 440 1610 508 Esquilinae
1642 456 1820 510 partem
1857 459 2122 509 occupare,

1151 515 1306 578 inqua
1325 529 1447 558 nunc
1463 511 1528 560 est
1545 515 1588 560 S.
1611 513 1756 559 Lucia
1778 512 1826 558 in
1844 514 1986 560 Silice
1999 548 2014 569 ,
2031 530 2125 561 ma-

1149 600 1291 651 gnam
1324 582 1526 630 Collinae
1560 583 1828 649 portionem
1848 617 1864 638 ,
1902 602 1953 631 ac
1981 583 2029 628 in
2050 580 2127 633 se,

1152 653 1298 701 etiam
1328 652 1616 708 Viminalis,
1651 654 1702 702 ὃ(
1726 652 1988 718 Qiirinalis
2017 670 2123 719 par-

1154 736 1253 771 tem
1285 722 1503 788 capiens,
1541 724 1694 769 monti
1714 722 1874 770 Coelio
1905 725 1931 771 21
1957 720 2000 770 se
2032 721 2126 770 dis-

1153 789 1439 854 juncfiffimo
1458 826 1475 849 ,
1509 804 1647 858 atque
1670 788 1981 841 remotiffirno
1998 827 2015 850 ,
2045 795 2126 840 Su·-

1156 861 1342 910 buranae
1377 859 1555 912 Tribus
1586 879 1789 922 nomen,
1824 863 2128 929 imponere-2?

1153 934 1381 981 Praeterea
1398 933 1764 981 Coelimontanae
1794 934 2017 1002 Regionis
2039 936 2124 982 Su-

1153 1001 1268 1050 bura
1288 1038 1304 1059 ,
1336 1003 1485 1051 Vicus
1514 999 1696 1070 semper
1724 1003 1889 1052 extitit
1910 1037 1927 1059 ,
1964 1001 2025 1051 ob
2054 1004 2125 1052 id-

1153 1090 1243 1139 que
1267 1073 1423 1120 minor
1440 1107 1456 1128 ,
1493 1075 1634 1139 quam
1653 1090 1743 1120 una
1772 1090 1829 1121 ex
1849 1074 2128 1138 quatuorde-

1154 1145 1250 1190 cim
1285 1140 1585 1209 regionibus,
1622 1160 1732 1208 quas
1763 1139 1926 1191 divisit
1958 1146 2126 1212 Augu-

1155 1212 1274 1273 stus;
1303 1209 1382 1261 sed
1417 1230 1472 1260 eo
1497 1212 1642 1261 modo
1667 1211 1848 1261 Subura
1878 1225 2030 1261 totam
2061 1216 2125 1261 in-

1152 1295 1338 1350 tegram
1357 1295 1571 1349 quartam
1590 1284 1857 1351 Regionem
1885 1282 2124 1351 coepisset,

1152 1371 1373 1419 magnam
1391 1365 1576 1419 partem
1597 1353 2037 1419 quintae,videlicet
2055 1353 2130 1401 Ess

1155 1423 1374 1487 quilinae,
1408 1434 1590 1488 partem
1609 1420 1746 1470 sextae
1763 1458 1780 1479 ,
1818 1440 1918 1489 quae
1939 1421 2004 1472 est
2034 1425 2127 1471 alta

1157 1490 1320 1539 semita
1340 1526 1355 1547 ,
1393 1504 1574 1559 partem
1600 1493 1780 1550 tertiae,
1817 1510 1917 1558 quae
1949 1490 2014 1541 est
2044 1491 2126 1542 Ifi-

1156 1561 1243 1617 dis,
1256 1562 1305 1611 &
1325 1560 1574 1629 Serapidis,
1588 1580 1638 1609 ac
1657 1559 1957 1612 solummodo
1976 1566 2001 1611 ἒι
2017 1567 2127 1615 Coe-

1158 1633 1419 1681 limontana
1438 1666 1455 1688 ,
1494 1632 1540 1678 in
1565 1650 1652 1698 qua
1670 1633 1842 1683 Vistor
1860 1669 1875 1690 ,
1913 1635 1963 1683 ὃς
1979 1634 2131 1685 Rufus

1158 1719 1263 1751 eam
1288 1715 1502 1771 ponunt,
1540 1703 1676 1770 long»)⁴
1700 1701 1891 1751 distaret
1907 1740 1917 1749 .
1945 1705 2133 1772 Pei-qui-

1158 1788 1323 1820 rantur
1341 1771 1536 1820 demum
1555 1770 1738 1829 (subdit
1754 1773 2017 1838 Nardinus)
2030 1777 2130 1825 aliae

1157 1844 1356 1909 antiquae
1378 1844 1613 1910 Regiones
1629 1878 1644 1899 ‚
1661 1844 1859 1893 &nulla
1881 1857 2017 1907 tantae
2038 1865 2133 1894 am·-

1158 1914 1406 1980 plitudinis
1426 1914 1695 1962 invenietur
1709 1949 1719 1960 .
1755 1911 1988 1981 Qisnam
2005 1916 2130 1983 lege-

1156 2000 1225 2040 re,
1239 1984 1318 2031 vel
1337 1981 1599 2032 constanter
1617 1980 1809 2032 afferere
1828 1987 2022 2052 poterit,
2041 1991 2133 2035 Ca-

1157 2055 1278 2101 rinas
1294 2089 1308 2110 ,
1326 2050 1651 2101 Ceriolensem
1665 2090 1680 2110 ,
1697 2055 1823 2103 Pacis
1840 2054 2102 2123 Templum
2115 2093 2132 2116 ,

1158 2127 1336 2172 Forum
1367 2126 1540 2171 Nervae
1561 2159 1577 2180 ,
1613 2127 1880 2193 Forumque
1908 2126 2132 2186 Caesaris‚

1159 2213 1210 2241 ac
1230 2193 1444 2241 sexcenta
1465 2194 1554 2240 alia
1573 2192 1767 2242 aedificia
1786 2231 1802 2252 ‚
1839 2214 1940 2262 quae
1966 2197 2012 2242 in
2034 2208 2133 2245 tam

1158 2261 1289 2312 vasto
1317 2261 1497 2330 spatio,
1531 2281 1583 2310 ac
1613 2263 1807 2312 diverfis
1839 2265 2133 2333 Regionibus

1162 2332 1246 2381 fita
1273 2331 1412 2390 sunt,
1451 2335 1496 2380 in
1529 2331 1710 2382 Subura
1739 2332 1977 2384 extitisse?
2012 2337 2131 2385 Prae·

1162 2417 1289 2453 terea
1313 2403 1440 2452 idem
1461 2404 1728 2462 Nardinus,
1757 2403 1801 2455 se
1820 2408 2027 2475 cogitare
2046 2409 2132 2455 mi·

1161 2475 1289 2523 nime
1320 2469 1473 2542 posse,
1512 2475 1609 2531 ait,
1637 2493 1849 2541 quaenam
1880 2473 2014 2524 causa
2039 2479 2133 2525 im·-

1162 2545 1338 2613 pulerit
1360 2543 1477 2592 duos
1503 2557 1600 2592 tam
1622 2546 1871 2613 diligentes
1892 2546 2134 2617 indagato-

1162 2632 1249 2672 res,
1265 2612 1492 2681 fimulquc
1512 2612 1756 2682 scriptores
1772 2619 2137 2683 quatuordecim

1159 2686 1467 2752 Regionum,
1505 2699 1559 2733 ut
1589 2685 1823 2735 Suburam
1856 2690 1902 2735 in
1934 2686 2136 2737 secunda

1161 2757 1376 2823 Regione
1392 2791 1407 2812 ,
1425 2755 1483 2803 ad
1504 2773 1645 2821 quam
1666 2775 1760 2804 non
1779 2755 2043 2824 spectabat,
2059 2758 2137 2807 de·

1160 2823 1447 2882 scriberent,
1485 2823 1654 2892 absque
1679 2845 1737 2877 ne
1768 2829 1864 2876 levi
1897 2829 2133 2896 quidem-2

1160 2898 1405 2945 mentione
1435 2908 1610 2960 quarta:
1626 2932 1642 2954 ,
1680 2898 1727 2943 in
1747 2915 1837 2964 qua
1864 2916 1957 2947 non
1979 2908 2134 2948 extre-

1157 2968 1405 3022 mitatem,
1428 2962 1507 3014 sed
1525 2965 1815 3015 umbilicum
1836 2967 2060 3028 habebat,
2085 2970 2134 3019 δε

1155 3035 1253 3085 fere
1279 3049 1378 3084 tota
1399 3034 1728 3086 detinebatur.
1770 3036 2007 3088 Observat
2037 3052 2135 3086 tan·-

1156 3106 1265 3154 dem
1282 3142 1297 3164 ‚
1328 3103 1455 3173 quod
1469 3141 1485 3163 ,
1516 3104 1549 3154 fi
1571 3106 1848 3160 Umbilicus
1866 3108 1914 3153 in
1931 3104 2133 3157 secunda.

1156 3178 1371 3244 Regione
1394 3176 1606 3234 locetur,
1633 3178 1682 3227 &
1711 3189 1854 3243 caput
1884 3177 1931 3223 in
1958 3180 2096 3226 tertia
2115 3217 2130 3237 ,

1152 3247 1281 3313 quod
1299 3242 1391 3296 fuit
1407 3247 1529 3294 intra
1547 3246 1903 3312 Amphitheatri
1925 3248 2132 3308 limiteS,

1153 3330 1316 3367 caetera
1341 3313 1556 3366 membra
1579 3318 1605 3365 ὲ
1621 3316 1776 3382 capite
1803 3315 2020 3368 distantia
2037 3316 2131 3366 abs—

1640 3387 1684 3435 K
1704 3384 1745 3438 k
2032 3405 2124 3456 que
