2482 3742
657 324 696 373 c
763 325 809 373 Α
881 325 920 373 Ρ
995 323 1041 374 v
1115 323 1158 376 T
1267 308 1565 374 XXVJU.

116 387 164 441 se
193 390 415 441 lacessunt
432 412 448 453 3
473 409 728 460 eorumque
749 410 891 441 nemo
910 393 1001 441 huc
1021 391 1091 439 us-

114 480 207 529 que
226 464 408 512 invenit
421 497 438 519 ‚
465 464 514 512 ὃς
533 463 581 509 in
605 461 843 531 posterum
864 464 1088 531 perquam

116 530 320 581 difficile
338 533 583 582 invenient
599 569 610 579 .

186 603 450 655 Praecitatus
466 603 612 671 igitur
627 608 784 653 Varro
804 608 952 652 INTRA
972 605 1026 656 U
1041 615 1089 649 R-

114 685 178 720 ms
203 673 511 730 PoMoemvNi,
549 671 781 720 Suburam
808 668 940 721 fuisse
962 671 1087 720 indi-

112 754 191 788 cat
216 777 233 799 ,
269 741 485 808 inquiens
514 764 529 803 3
565 743 751 812 Reliqua
786 742 926 795 Urbis
960 746 1091 793 loca-2

108 813 214 860 olim
231 810 414 879 difireta
427 848 442 870 ‚
478 818 526 862 in
532 814 695 882 fi’ptem
722 818 776 864 &⁴
794 817 971 881 viginti
981 828 1087 879 par.-

111 894 177 930 tes
200 881 340 934 Urbis
353 884 462 951 sunt
490 884 691 951 dispostta
713 904 724 931 :
762 904 783 932 e
808 887 925 951 queis
943 889 1087 949 prima

108 952 180 1001 ef?
185 954 354 1020 scripta
372 954 509 1022 Regio
534 955 758 1004 Suburana
773 989 783 1000 .
823 954 967 1002 Porro
987 957 1024 1001 E
1038 964 1088 997 x·

108 1037 175 1072 ΤΚ
189 1039 216 1068 A
247 1026 271 1071 I
289 1041 309 1069 L
323 1038 345 1067 L
359 1041 387 1072 v
403 1041 432 1074 D
453 1023 734 1074 constituere
767 1021 961 1072 videtur
976 1022 1086 1073 cum

112 1094 209 1141 ait:
236 1093 402 1142 Subura
415 1094 498 1163 fitb
514 1114 629 1144 muro
645 1112 777 1144 terreo
802 1098 1055 1146 Carinarum
1069 1128 1085 1149 ,

107 1164 160 1213 &
181 1160 450 1232 subjungit:
486 1165 652 1215 Subura
678 1165 1019 1234 “Juniusfiribit
1034 1162 1086 1213 ab

110 1253 183 1290 eo,
209 1234 321 1299 quod
317 1234 464 1302 snserit
474 1236 559 1303 sub
583 1241 757 1303 antiqua
775 1235 919 1290 Urbe.
954 1234 1085 1288 Urbs

107 1304 224 1351 vero
243 1306 438 1368 antiqua
461 1322 556 1350 non
579 1309 777 1354 Carinas
793 1340 808 1360 ,
843 1304 925 1353 sed
949 1305 1081 1352 Pala-

107 1374 299 1430 tinum,
332 1373 384 1422 &
413 1374 744 1440 Capitolinum
763 1374 926 1420 Colles
957 1392 1084 1421 come-

107 1440 429 1510 prehendebat
440 1463 456 1503 3
475 1441 630 1510 sicque
648 1442 830 1493 Subura
848 1439 971 1499 inter
989 1445 1082 1492 Caz-

111 1514 265 1570 rinas,
299 1514 350 1562 δε
376 1513 617 1579 antiquam
647 1510 871 1569 Urbem,
907 1511 1082 1561 videli—

105 1595 184 1633 cet
214 1595 346 1630 extra
363 1583 658 1636 Pomoerium
685 1582 936 1631 constituta
956 1596 1055 1631 erat
1068 1592 1085 1640 ,'

110 1651 241 1720 quod
282 1651 451 1720 probat
490 1653 700 1702 Thomas
737 1650 1041 1720 Dempsterus
1066 1690 1081 1712 ‚

47 1780 49 1782 r
104 1740 218 1772 cum
251 1723 476 1770 Martiale
502 1759 519 1781 ‚
555 1725 620 1771 ita
659 1722 845 1772 dicente
878 1722 1000 1772 libro
1034 1742 1078 1772 2.

105 1794 231 1862 epig.
255 1811 329 1851 17.

176 1860 400 1916 Tonstrix
429 1863 598 1919 Suburae
617 1861 822 1932 faucibus
842 1863 966 1933 sedet
981 1867 1077 1927 pri-

248 1953 330 1982 mis
348 1970 365 1992 ,

178 2006 368 2057 Cruenta
393 2005 583 2073 pendent
612 2023 692 2071 qua
710 2006 889 2074 stage-lla
921 2001 1078 2053 Tortoa-

253 2095 372 2136 rum3

175 2146 306 2211 Qia
331 2143 492 2195 servus
516 2143 729 2212 publicus
745 2180 761 2201 ‚
797 2143 876 2193 seu
898 2143 1078 2193 Tortor

104 2218 155 2264 in
179 2214 316 2269 Urbe
341 2214 550 2265 habitare
579 2234 673 2264 non
697 2228 882 2283 poterat
899 2251 910 2260 .
950 2218 1078 2264 Con2-

106 2287 308 2335 trarium
337 2299 497 2334 tamen
526 2286 715 2334 elicitur
743 2285 1079 2353 exJuvenale,

106 2359 266 2424 Satyr.
288 2375 364 2421 10.
379 2354 461 2412 ubi
476 2373 587 2404 cum
610 2353 845 2405 Annibale
865 2356 1078 2422 loquens,

107 2427 173 2474 ait
195 2462 205 2473 .

178 2495 338 2546 Aft'um
353 2531 369 2553 ‚
388 2502 557 2565 inquit,
580 2499 701 2548 nihil
714 2497 781 2546 eff
793 2532 809 2554 ‚
838 2495 928 2566 nist
953 2497 1078 2548 Poeno

247 2565 414 2615 Milite
421 2585 569 2633 portas

183 2638 442 2705 Frangimus
455 2675 470 2697 ‚
496 2643 550 2690 (9¹
575 2639 714 2693 media
737 2641 959 2689 vexillum
968 2654 1077 2704 pono

245 2707 435 2757 Subura.

175 2776 321 2843 Qasi
342 2778 498 2828 dicere
517 2774 747 2828 voluisset:
769 2779 904 2827 Nihil
924 2778 1076 2827 adhuc

105 2843 300 2895 fecimus
325 2884 342 2906 ,
376 2845 462 2904 nist
484 2853 692 2897 Romam
719 2851 954 2917 capiamus
974 2885 989 2906 ,
1026 2850 1076 2898 ὃς

107 2916 287 2964 vexilla
306 2916 456 2965 nostra
480 2920 526 2966 in
545 2917 726 2973 Subura
744 2918 828 2967 fitzt
854 2920 899 2965 in
917 2917 1074 2967 media

106 2984 247 3039 Urbe
273 3004 520 3054 ponamus.
561 2989 793 3055 Idemque
828 2989 970 3037 etiam
999 2990 1072 3037 ,in-

106 3051 275 3105 dicasse
313 3056 504 3105 videtur
540 3061 802 3126 praecitatus
838 3058 1074 3106 Martialis

106 3124 192 3177 lib.
220 3144 297 3174 12.
329 3128 470 3195 epigr.
495 3141 537 3184 3.
566 3147 659 3194 quo
678 3131 831 3177 mittit
852 3127 1070 3177 librum-2

106 3197 156 3243 in
194 3194 383 3249 Urbem
418 3195 476 3245 ad
508 3198 703 3246 Stellam
733 3198 993 3249 Consulem
1022 3200 1072 3249 &

104 3265 300 3316 Poetam
315 3268 363 3317 in
381 3268 534 3336 prima
553 3265 733 3319 Subura
751 3268 1041 3320 habitantem
1054 3305 1073 3332 ,

107 3332 187 3384 ubi
205 3331 267 3383 fic
285 3372 296 3383 .

171 3405 317 3465 Pm⁴·L

2005 344 2029 374 2
2042 343 2066 387 5
2080 346 2098 376 1

1213 392 1293 442 Ad
1313 395 1494 457 Populos
1521 395 1646 446 mitti
1666 396 1739 462 qui
1757 407 1885 459 nuper
1917 395 1966 441 ab
1984 398 2106 448 Urbe

1337 462 1503 531 shlebas
1517 497 1533 518 ,

1277 529 1370 580 Ibis
1397 547 1444 580 tu
1466 533 1645 583 Romam
1672 550 1779 581 nunc
1798 568 1814 590 ,
1839 540 2103 602 peregrine-2

1344 600 1456 652 liber
1475 637 1486 646 .

1208 672 1332 740 ‘'Jure
1347 689 1418 720 tuo
1443 673 1691 721 ‘veneranda
1711 678 1825 723 now·
1837 688 1936 739 pete
1951 676 2106 725 limina

1349 740 1548 805 Templi,

1278 811 1474 862 Reddita
1501 813 1647 861 Pierio
1653 814 1763 879 fimi·
1783 814 1859 863 ubi
1883 813 2106 880 Templa-,¹

1347 883 1486 939 Choro
1502 915 1513 926 .

1213 953 1319 1008 Vel,
1333 950 1388 1018 st
1397 955 1596 1002 malueris
1614 988 1631 1010 ‚
1648 958 1793 1020 prima
1808 956 2005 1022 gradiere
2017 956 2051 1005 S
2050 977 2100 1005 u-

1344 1019 1449 1070 bura
1467 1043 1479 1070 :

1278 1092 1416 1141 Atria
1449 1095 1558 1161 sitne
1604 1095 1701 1142 illic
1735 1097 1930 1164 Consulis
1974 1101 2106 1149 alca-‚2

1346 1180 1428 1214 mel
1450 1199 1460 1209 υ

1207 1229 1458 1301 Laurigeros
1471 1233 1640 1283 habitat
1642 1230 1859 1300 facundus
1871 1238 2008 1286 Stella
2024 1239 2106 1288 Per

1278 1318 1398 1351 nates
1418 1340 1428 1350 .

1205 1370 1459 1440 Subjungit
1473 1371 1606 1439 supra
1622 1373 1836 1422 laudatus
1852 1377 2106 1424 Martineh

1133 1437 1239 1495 lus,
1274 1439 1537 1491 admodum
1568 1439 1765 1491 difficile
1798 1440 1884 1492 esse
1915 1444 2106 1494 Subura:

1134 1506 1294 1557 locum
1315 1509 1554 1580 defignare
1580 1509 1641 1558 ob
1656 1514 1925 1561 Auum-um
1949 1517 1995 1562 in
2019 1516 2103 1565 hac

1135 1593 1184 1626 re
1214 1581 1495 1630 varietatem
1513 1615 1529 1637 ,
1565 1599 1680 1646 quos
1702 1583 1759 1631 ab
1778 1584 1875 1651 ipso
1897 1585 1944 1630 in
1962 1603 2106 1633 unum

1135 1650 1355 1698 collestos
1381 1686 1396 1707 ,
1435 1653 1480 1698 in
1510 1651 1719 1702 Lestoris
1751 1656 1953 1721 gratiam
1984 1653 2107 1703 sum—-

1132 1721 1304 1767 matim
1324 1720 1398 1767 hic
1417 1719 1568 1769 refero
1590 1757 1601 1767 .

1189 1791 1360 1858 Junius
1384 1790 1509 1859 apud
1528 1795 1795 1841 Varronem
1813 1789 1894 1839 sub
1913 1795 2106 1859 antiqua

1131 1859 1268 1913 Urbe
1297 1858 1529 1908 Suburam
1559 1859 1644 1909 else
1679 1862 1802 1909 dixit
1822 1899 1838 1920 ,
1875 1868 2004 1925 cujus
2035 1877 2103 1911 te-

1130 1929 1403 1982 stimonium
1431 1926 1520 1980 esse
1547 1945 1761 1998 poterat,
1798 1932 1926 1998 quod
1947 1931 2102 1981 subes-

1129 1999 1199 2049 set
1218 2001 1259 2048 ei
1289 2001 1395 2048 loco
1413 2036 1429 2058 2
1459 2003 1538 2068 qui
1560 2001 1762 2053 Terreus
1780 2020 1942 2053 murus
1961 2003 2105 2053 deno?

1130 2068 1398 2119 minabatur
1415 2106 1425 2117 .

1190 2144 1395 2210 joannes
1415 2140 1600 2190 Annius
1620 2139 1853 2190 Suburam
1881 2140 2037 2211 posuit
2058 2145 2106 2190 in

1132 2211 1241 2258 vico
1279 2208 1438 2258 Tusco
1480 2212 1790 2278 incipientem
1827 2214 1852 2260 ἐ
1891 2214 2105 2261 Palatino

1134 2281 1274 2328 Colle
1289 2316 1304 2337 ,
1320 2282 1368 2331 ὃ(
1392 2279 1655 2348 protensam
1676 2280 1820 2347 usque
1839 2281 1896 2330 ad
1912 2299 2105 2329 murum

1129 2348 1221 2398 fori
1247 2353 1510 2413 Venalium
1536 2352 1658 2402 circa
1680 2351 1949 2419 Tyberim,
1977 2353 2026 2401 ὃ(
2045 2352 2104 2406 ad

1130 2419 1288 2469 forum
1309 2421 1564 2470 Piscarium
1586 2457 1598 2472 ..
1743 2419 1745 2421 i

1224 2492 1431 2542 Blondus
1447 2526 1463 2548 ‚
1486 2492 1815 2539 Monticulum
1834 2490 2074 2539 existimat
2088 2527 2105 2549 ,

1128 2559 1208 2608 ubi
1228 2559 1367 2610 fitum
1388 2560 1451 2612 est
1473 2559 1812 2611 monasterium
1834 2564 1877 2609 S.
1897 2563 2103 2611 Lauren-

1129 2633 1187 2680 tii
1210 2635 1257 2680 in
1277 2634 1394 2684 Pane
1410 2669 1426 2690 ,
1453 2634 1508 2685 Φ
1527 2632 1668 2682 Perna
1684 2668 1699 2689 ,
1729 2650 1779 2678 ac
1799 2644 1952 2680 totam
1970 2633 2106 2680 illam

1128 2703 1287 2762 Viam,
1326 2722 1424 2770 quae
1448 2703 1616 2769 incipit
1647 2722 1672 2751 a
1701 2701 1864 2750 Sansta
1883 2703 2029 2749 Lucia
2055 2704 2103 2748 in

1130 2774 1268 2821 Silice
1298 2810 1314 2832 ‚
1349 2776 1399 2826 ὃς
1437 2773 1694 2841 porrigitur
1727 2769 1869 2837 usque
1909 2771 1968 2820 ad
1997 2774 2106 2819 San-³

1127 2843 1260 2897 &tum
1282 2844 1584 2895 Hadrianum
1608 2843 1656 2888 in
1670 2839 1774 2890 foro
1791 2843 1990 2899 Boario,
2019 2844 2102 2890 Su-³

1130 2912 1297 2968 buram
1319 2911 1719 2982 comprehendere
1737 2947 1749 2959 .

1196 2986 1453 3036 Marcellus
1480 2986 1694 3037 Donatus
1719 2980 1928 3048 sequitur
1959 2981 2099 3028 Blon-

1127 3053 1243 3101 dum
1258 3088 1273 3110 ‚
1312 3056 1469 3103 locans
1488 3053 1535 3099 in
1553 3049 1735 3099 Subura
1755 3049 2066 3116 Olympiadis
2081 3085 2100 3109 2

1125 3125 1174 3176 &
1196 3127 1419 3193 Agrippae
1449 3123 1680 3171 Thermas
1702 3128 1833 3185 juxta
1859 3116 2101 3186 praefatam

1126 3192 1383 3243 Ecclesiam
1411 3192 1566 3242 Sansti
1599 3191 1841 3238 Laurentii
1870 3194 1920 3236 in
1950 3190 2104 3246 Paneg

1124 3268 1179 3321 Θ
1193 3266 1359 3322 Perna,
1380 3263 1462 3312 ubi
1484 3261 1674 3310 Sanstus
1690 3257 1770 3307 iste
1789 3255 1952 3306 assatus
1965 3255 2100 3307 fuisse

1127 3334 1378 3396 dicitur‚&
1396 3333 1453 3382 ad
1470 3330 1596 3380 suam
1613 3326 1986 3376 confirmandam
2002 3325 2099 3375 sen-a

1586 3402 1608 3447 I
1628 3400 1642 3445 i
1681 3416 1706 3444 2
1994 3411 2098 3453 ten-
