2425 3747
486 280 585 325 234

796 254 1209 309 VETERA
1280 254 1990 308 MONJMENTA

412 334 545 391 fabri
573 332 704 383 refert
732 335 778 379 in
819 332 953 377 Sacris
994 328 1238 375 Memoriis
1270 326 1363 373 Ra·
1415 324 1505 373 fere
1545 325 1651 373 osto
1686 330 1822 391 pedes
1847 325 1903 376 'in
1928 345 2100 395 gyrum
2128 333 2363 396 protendi-

411 422 578 455 vennae
603 406 798 465 antiquae
820 437 833 458 ,
868 399 948 446 ubi
966 395 1083 445 hanc
1111 395 1362 445 Ecclesiam
1416 411 1519 458 turz,
1547 398 1601 443 in.
1625 396 1714 443 basi
1743 395 1847 444 vero
1867 415 2088 462 quatuor,
2122 400 2165 449 ὃς
2194 405 2239 451 in
2264 404 2367 454 alti.

412 477 655 533 deseribit3
690 473 733 519 ὂζ
758 470 856 520 haec
885 468 1011 517 sunt.

1417 465 1577 515 tudine
1597 466 1688 514 duo
1705 504 1715 514 .
1746 465 1801 514 In
1828 466 1914 514 hoc
1940 485 2095 524 autem
2128 471 2230 527 vase
2261 473 2365 522 sacri

483 547 591 596 Cede
629 556 755 590 vetus
786 557 938 589 nomen
970 577 985 599 ‚
1020 538 1222 586 novitati
1267 538 1361 586 cede
1415 535 1707 601 Baptismatis
1737 538 1869 584 Ritus
1896 536 1952 585 ad
1980 542 2171 603 praesens
2188 547 2366 609 peragi..

553 613 738 678 vetustas
754 649 767 670 ‚

482 683 722 738 Pulchrius
744 701 836 731 ecce
865 685 978 730 nitet
1001 681 1200 729 renovati
1225 677 1367 742 gloria

549 756 591 802 F
593 759 731 802 ontis.

483 830 550 890 M
556 828 815 892 agnanimus
841 822 960 872 hunc
989 836 1180 886 namque
1207 817 1365 880 Neon,

535 895 818 961 summusque
843 894 1043 942 Sacerdos
1360 891 1362 894 ’

479 969 716 1027 Exsoluit,
740 965 920 1031 pulchro
945 976 1197 1028 componens
1217 965 1364 1013 omnia

550 1037 699 1097 culta.

486 1112 620 1160 Licet
661 1109 767 1156 verb
796 1116 1175 1170 praememoratus
1202 1101 1365 1159 Fabri,

412 1202 463 1232 ac
481 1178 750 1247 Seraphinus
768 1174 955 1224 Pasolini
975 1212 989 1233 ,
1019 1176 1099 1238 qui
1128 1175 1175 1220 in
1203 1169 1367 1237 aliqui-

410 1255 496 1312 bus
526 1252 642 1318 pene
684 1249 742 1297 ad
769 1246 959 1294 verbum
999 1244 1278 1308 Hieronymi
1307 1238 1368 1288 se-

412 1325 558 1378 stator
578 1320 641 1369 est
656 1359 668 1380 ‚
700 1318 755 1365 de
772 1314 1033 1378 hujusmodi
1052 1312 1239 1368 aedificii
1254 1310 1366 1359 stru-

411 1395 538 1442 stuta
560 1390 778 1457 quaeclam
803 1383 1097 1448 tradiderintz,
1128 1379 1365 1439 nihilomi-

408 1480 525 1522 nuS,
558 1479 666 1510 cum
689 1459 788 1508 haec
805 1474 886 1520 pro
917 1458 1103 1503 materia
1135 1468 1366 1519 perpauca

411 1534 525 1590 fint,
566 1530 912 1578 luculentiorem
954 1523 1141 1584 hujusce
1175 1520 1364 1570 aedificii

410 1602 761 1666 descriptionem
780 1595 991 1660 expiscari
1010 1594 1156 1641 coa6³ti
1184 1590 1335 1638 sumus
1354 1629 1363 1637 .

411 1670 717 1734 Confugimus
746 1672 899 1729 itaque
941 1664 997 1711 ad
1029 1659 1365 1710 Reverendiffi-

409 1757 540 1789 mum
564 1740 828 1786 Dominum
848 1733 1133 1782 Francilcum
1155 1730 1363 1788 Cavallo,

408 1816 455 1861 in
483 1805 815 1859 Ravennatenfi
838 1805 1036 1854 Ecclesia
1066 1799 1365 1850 Archidiaco-

406 1900 551 1940 num,
579 1882 658 1944 qui
687 1876 741 1928 ad
773 1893 856 1924 nos
883 1876 1011 1924 illam
1041 1876 1183 1939 quam
1203 1871 1367 1920 huma-

408 1952 589 2013 niffime
618 1989 632 2007 ‚
672 1965 780 1998 cum
807 1946 993 1995 aedificii
1023 1941 1365 2008 Ichnographia

409 2020 652 2072 transmisit
669 2056 682 2077 ,
706 2036 812 2084 quae
844 2016 963 2064 Tab.
982 2015 1154 2063 LXIX.
1181 2011 1364 2061 exhibe-

408 2108 506 2141 tur.
535 2089 678 2139 Vides
700 2089 764 2141 ibi
780 2085 1033 2135 aedificium
1048 2083 1362 2150 otstangulare,

409 2163 586 2221 duabus
606 2158 845 2223 ostanguli
860 2155 1060 2205 faciebus
1078 2158 1275 2219 exceptis
1295 2191 1307 2212 ‚
1339 2153 1362 2204 ὲ

410 2233 578 2296 quibus
626 2229 717 2278 duo
760 2225 1028 2276 semicirculi
1065 2229 1365 2291 prominent3

410 2301 705 2366 afferiturque
751 2300 775 2345 a
825 2295 1062 2345 nonnullis
1110 2294 1365 2361 antiquitus

407 2373 518 2421 alios
559 2372 675 2419 duos
709 2367 777 2417 his
805 2364 1000 2423 omnino
1037 2366 1202 2414 similes
1233 2365 1366 2414 semi-

407 2442 598 2493 circulos
625 2478 639 2499 ,
679 2439 768 2486 five
806 2438 1123 2486 ,loculamenta
1154 2440 1202 2483 in
1231 2435 1364 2484 facie-

406 2515 490 2567 bus
529 2510 750 2576 oppofitis
782 2508 969 2560 extitisse
1005 2544 1018 2554 .
1071 2506 1194 2554 Olim
1238 2509 1363 2553 enim

404 2583 672 2649 Baptisteria
696 2578 962 2646 ostogonali
996 2577 1142 2626 forma
1166 2576 1365 2624 constru-

407 2656 478 2710 ‹sta
511 2652 634 2700 fuisse
672 2648 994 2699 animadverti.
1024 2650 1111 2694 Lit.
1133 2651 1187 2695 A.
1219 2646 1361 2696 deno-

407 2738 472 2771 tat
500 2724 764 2771 Oratorium
783 2758 795 2779 ,
837 2720 926 2768 five
951 2719 1219 2783 Cappellam
1241 2755 1252 2776 ,
1280 2718 1359 2772 ubi

407 2797 452 2842 in
481 2792 686 2856 praesenti
711 2795 838 2840 Sacra
869 2789 1113 2838 Missarum
1137 2787 1358 2843 solemnia

409 2862 704 2911 celebrantur.
724 2863 869 2910 Lic.B.
885 2861 1071 2918 alteram
1087 2858 1361 2925 Cappcllam

409 2932 500 2980 five
520 2931 886 2981 loculamentum
906 2968 920 2990 ‚
960 2935 1007 2978 in
1039 2948 1133 2997 quo
1164 2932 1362 2994 antiqui-

408 3004 480 3051 tus
512 3018 604 3051 erat
634 3006 766 3070 janua
798 3000 1103 3050 Occidentem
1154 3000 1360 3050 aestivum

407 3072 642 3139 respiciens
671 3108 686 3130 ‚
739 3087 861 3118 nunc
897 3074 1004 3118 verb
1045 3071 1106 3118 ibi
1146 3071 1169 3116 ὲ
1209 3070 1360 3134 lapide

410 3144 571 3192 Graeco
599 3146 693 3190 Vas
723 3141 786 3200 est
811 3142 940 3189 variis
967 3137 1241 3206 anaglyphis
1289 3160 1360 3188 or-

376 3211 381 3237 3
405 3216 633 3262 >namentis
660 3212 937 3260 elaboratum
965 3248 977 3268 ‚
1013 3211 1176 3274 utpote
1203 3211 1360 3276 Ange-

408 3284 459 3332 lis
476 3321 490 3343 ,
508 3287 708 3349 encarpis
723 3319 736 3342 ‚
755 3281 797 3330 ὃ(
820 3282 982 3330 avibus
1001 3315 1010 3326 .
1028 3279 1157 3330 Vafis
1178 3278 1358 3331 labrum

1421 621 1494 655 tur
1510 644 1523 664 ,
1544 626 1649 656 cum
1669 605 1779 654 olim
1797 645 1808 664 ‚
1827 607 2004 672 quando
2023 611 2264 676 baptismus
2287 631 2366 678 per

1420 677 1764 735 immersionem
1783 678 1972 727 dabatur
1986 716 2000 737 ‚
2023 685 2069 729 in
2088 682 2244 731 medio
2257 681 2367 731 aedi-

1419 749 1512 797 ficii
1528 765 1815 814 perageretur
1831 785 1844 806 ,
1865 763 1912 796 ut
1936 749 2101 801 indicat
2121 754 2211 800 Lit.
2229 751 2263 801 I.
2286 752 2367 802 ubi

1420 818 1717 885 ostangulare
1763 835 1983 884 aquarum
2027 822 2363 886 receptaculum

1419 904 1525 937 erat.
1545 890 1696 937 Line.
1711 891 2017 943 marmoreum
2040 891 2270 957 pulpitum
2286 930 2300 951 ‚
2319 896 2366 940 in

1419 958 1547 1026 quod
1581 977 1658 1024 per
1679 958 1793 1007 duos
1810 957 1975 1024 gradus
2003 964 2049 1009 in
2065 960 2227 1009 eodem
2248 955 2381 1015 mare

1423 1049 1551 1079 more
1592 1028 1756 1077 excisos
1794 1030 2120 1086 ascendebatur
2147 1046 2164 1079 .·
2202 1030 2292 1079 hoc
2316 1050 2367 1079 ex

1421 1100 1602 1169 pulpito
1630 1098 1882 1166 Episcopus
1902 1098 1981 1167 (ni
2009 1116 2163 1149 tamen
2198 1099 2365 1160 fallor)

1419 1170 1635 1238 parvulos
1667 1171 1962 1235 baptizandos
2002 1174 2048 1218 in
2079 1189 2247 1236 aquam
2279 1175 2368 1219 im·

1419 1241 1760 1307 mergebatLit.
1772 1242 1819 1289 E.
1836 1247 2016 1304 januam
2035 1241 2260 1306 ingreffus.
2278 1243 2365 1290 Lit.

1423 1317 1467 1361 F.
1487 1312 1673 1359 alteram
1693 1314 1874 1370 januam
1890 1348 1902 1368 ‚
1930 1309 2003 1358 sed
2021 1312 2330 1377 angustiorem
2350 1348 2365 1371 ‚

1419 1399 1497 1448 per
1527 1398 1666 1444 quam
1692 1379 1880 1427 parochi
1897 1380 2058 1428 domus
2071 1381 2243 1430 aditur.
2272 1381 2363 1427 Sub

1418 1455 1510 1500 Lit.
1529 1453 1584 1498 G.
1602 1449 1702 1498 sunt
1714 1450 1820 1498 osto
1837 1467 1985 1513 parvae
2001 1450 2227 1500 columnae
2239 1452 2366 1500 Grae-

1416 1526 1456 1570 ci
1496 1523 1759 1578 marmoris,
1785 1518 2031 1569 altitudinis
2059 1536 2282 1584 quatuor,
2312 1538 2363 1567 ac

1418 1596 1462 1639 in
1497 1609 1612 1657 gyro
1642 1590 1838 1637 duorum
1868 1594 2040 1639 circiter
2065 1591 2235 1655 pedum
2271 1592 2361 1637 Ra-

1418 1659 1808 1723 vannatenlium3
1852 1678 2004 1708 earum
2046 1663 2154 1708 verb
2189 1664 2363 1725 capitu-

1417 1734 1516 1781 lum
1554 1733 1685 1780 unius
1715 1731 1842 1794 pedis
1857 1729 2146 1779 altitudinem
2167 1747 2260 1778 non
2289 1747 2364 1775 ex-

1419 1802 1567 1851 cedit:
1602 1798 1745 1847 modb
1765 1800 2098 1866 aliquantulum
2127 1804 2362 1864 pavimen-

1421 1888 1467 1921 to
1485 1871 1661 1918 obrutae
1694 1869 1821 1919 sunt:
1847 1888 1902 1918 an
1920 1875 1981 1919 ita
2002 1874 2024 1918 a
2040 1873 2263 1936 principio
2291 1871 2362 1917 lo-

1418 1958 1531 1990 catae
1562 1940 1727 2001 fuerint
1753 1939 1876 1989 haud
1906 1941 2023 2004 scio3
2060 1941 2173 1988 forte
2206 1954 2363 1989 tamen

1415 2016 1463 2061 in
1502 2014 1758 2077 pavimenti
1788 2015 2063 2075 reparatione
2082 2047 2094 2069 ,
2123 2028 2177 2058 eo
2216 2010 2363 2059 suble-

1417 2098 1523 2134 vato
1540 2122 1553 2142 ,
1568 2084 1797 2137 columnae
1821 2097 2004 2131 eatenus
2019 2094 2245 2147 coopertae
2266 2079 2364 2127 fue-

1416 2172 1460 2202 re
1487 2190 1499 2198 .
1538 2155 1621 2202 His
1655 2154 1760 2201 osto
1789 2171 1912 2200 arcus
1941 2156 2213 2210 imminent,
2246 2167 2362 2215 quo-

1419 2240 1523 2273 rum
1551 2223 1787 2272 summitas
1816 2223 1948 2286 plana
1964 2224 2052 2272 est.
2082 2225 2221 2285 Super
2244 2219 2362 2268 hanc

1418 2294 1515 2343 aliae
1550 2295 1772 2343 coluninae
1794 2292 1948 2350 Histrii
1976 2295 2210 2341 marmoris
2231 2290 2363 2339 attol—

1418 2367 1596 2423 luntur,
1625 2382 1730 2432 quae
1758 2367 1803 2410 in
1829 2362 2066 2412 altitudine
2089 2365 2264 2410 tertiam
2291 2363 2362 2405 in-

1419 2436 1633 2484 feriorum
1685 2449 1860 2494 partem
1910 2430 2134 2481 excedunt
2164 2468 2174 2478 .
2226 2427 2360 2476 Hisce

1416 2505 1646 2556 columnis
1673 2504 1743 2551 alii
1777 2504 1883 2552 osto
1904 2520 2026 2551 arcus
2051 2500 2360 2556 incumbunt,

1418 2581 1496 2642 qui
1515 2575 1697 2624 tholum
1718 2611 1729 2630 ,
1749 2573 1820 2620 seu
1839 2572 2117 2622 testudinem
2142 2570 2359 2627 fulciunt,

1416 2649 1459 2699 &
1494 2647 1580 2694 alio
1615 2643 1868 2700 substruzsto
1907 2661 2010 2692 arcu
2048 2643 2352 2707 stringuntur.

1415 2719 1565 2777 Hujus
1609 2730 1763 2763 autem
1804 2717 2021 2763 interioris
2063 2730 2182 2762 arcus
2221 2709 2358 2759 latera

1414 2786 1594 2835 duabus
1610 2787 1834 2836 columnis
1851 2784 2060 2850 impofita
2084 2780 2182 2829 sunt
2202 2799 2218 2843 ε,
2235 2779 2358 2828 unde

1414 2856 1632 2924 quaelibet
1659 2855 1680 2926 (
1698 2871 1746 2902 ut
1763 2860 1824 2904 ita
1843 2849 2024 2917 dicam)
2042 2851 2256 2920 parastata
2273 2864 2357 2897 tres

1415 2928 1521 2978 alias
1538 2929 1776 2987 columnas
1796 2923 1961 2983 habet,
1993 2939 2189 2988 quarum
2217 2924 2359 2980 major

1414 3003 1459 3048 in
1477 2999 1634 3047 medio
1662 2999 1738 3046 fita
1759 2995 1820 3043 est
1837 3032 1849 3054 ‚
1878 2992 1933 3041 ad
1962 2994 2094 3042 latera
2122 2993 2227 3042 verb
2252 2989 2358 3036 duae

1413 3069 1638 3117 inferiores
1685 3105 1698 3124 ‚
1737 3064 1991 3114 altitudinis
2030 3067 2233 3129 quinque
2279 3076 2358 3124 pe-

1413 3138 1524 3187 dum
1542 3155 1648 3187 cum
1666 3137 1757 3184 bas1
1775 3139 2015 3184 unciarum
2036 3133 2104 3180 sex
2119 3169 2132 3190 ,
2157 3131 2201 3179 &
2219 3131 2357 3194 Capi-

1412 3209 1509 3258 tulo
1541 3210 1776 3257 unciarum
1805 3211 2011 3272 quinque
2035 3241 2044 3250 .
2079 3207 2258 3250 Omnes
2287 3198 2359 3246 hae

1410 3279 1640 3327 columnae
1661 3295 1713 3325 ex
1739 3276 1931 3345 praefato
1960 3273 2132 3322 Histrio
2162 3287 2359 3322 marmo-

2248 3359 2291 3388 re
