2425 3747
293 216 312 244 1
327 214 349 256 5
363 216 386 243 2

283 263 441 323 fame,
478 267 659 333 paedore
686 303 701 324 ,
737 269 786 316 &
824 266 960 312 malis
997 260 1246 318 omnibus,

286 335 594 402 aerumnisque
620 337 809 383 tandem
839 329 1037 383 confesti
1069 367 1085 390 ,
1119 332 1144 379 ὲ
1177 346 1244 379 te-

286 405 442 455 nebris
472 408 521 456 &
555 404 719 452 umbra
752 403 954 459 mortis,
991 403 1039 448 in
1067 414 1246 449 aeternae

286 474 529 541 beataeque
547 476 662 522 lucis
681 474 891 540 regiones
917 468 1170 520 evolabant
1186 506 1197 517 .

361 548 476 595 Haec
495 547 657 610 igitur,
671 560 770 608 quse
791 543 849 590 de
867 540 1155 591 Caemeteriis
1171 539 1250 590 de-

292 614 547 666 libavimus
573 650 589 670 ,
627 613 804 660 idcirco
827 614 853 661 ὲ
877 610 1010 659 nobis
1035 609 1250 678 congesta

292 686 426 740 sunt,
458 697 510 730 ut
534 696 756 750 appareat
787 684 1068 748 neutiquam
1095 699 1177 730 nos
1205 683 1254 728 in

294 754 525 826 prioribus
541 754 689 803 tribus
704 750 916 800 Ecclesiae
931 749 1256 817 seculissshri-

292 830 550 877 stianorum
570 823 628 873 ad
650 825 729 871 illa
749 819 974 871 accessum
990 858 1005 879 ‚
1033 823 1144 872 &in
1165 822 1258 869 illis

295 913 478 945 moram
510 912 680 963 negare
710 915 720 942 :
761 891 840 941 sed
868 888 1058 940 asserere
1096 904 1259 958 praeter

296 969 391 1015 haec
408 1001 422 1022 ,
450 966 540 1012 alia
566 962 672 1032 ipsis
695 961 920 1020 aedificia,
951 963 1123 1011 &loca
1149 961 1257 1009 1611-

297 1035 423 1105 giosa
454 1031 586 1083 fuisse
610 1070 625 1091 ,
661 1051 759 1099 quae
791 1033 871 1083 vel
901 1029 1114 1080 Ecclesiae
1134 1066 1151 1088 ,
1182 1030 1262 1080 vel

299 1107 522 1158 Oratoria
538 1140 554 1162 ,
570 1105 648 1153 vel
664 1103 918 1151 Dominica
933 1137 949 1161 ,
977 1102 1058 1151 vel
1076 1100 1261 1157 Tituli,

299 1178 379 1226 vel
402 1176 645 1242 Martyria
663 1210 678 1232 ,
708 1174 785 1222 vel
806 1174 907 1220 aliis
932 1171 981 1221 id
1007 1188 1149 1240 genus
1177 1189 1262 1219 no-

302 1243 511 1296 minibus
545 1249 570 1293 a
600 1241 914 1312 Scriptoribus
940 1238 1265 1291 Ecclefiasticis

303 1317 602 1386 appellantur
623 1351 634 1360 .

306 1398 312 1404 ‘
390 1383 630 1435 Caeteram
671 1387 716 1431 in
746 1384 881 1448 hujus
919 1380 1268 1432 Dissertationis

305 1457 435 1506 calce
472 1472 706 1522 apponere
739 1453 931 1512 distuli,
974 1454 1173 1503 maximi
1208 1465 1262 1498 ut

306 1525 606 1593 Hospiniano
619 1561 635 1582 ,
651 1526 840 1571 minimi
858 1538 911 1571 ut
930 1525 1047 1571 milii
1070 1523 1264 1572 videtur

307 1597 527 1665 ponderis
556 1596 604 1644 ὃς
626 1594 875 1643 evidentia>
900 1607 1235 1662 argumentum
1251 1627 1267 1648 ‚

307 1683 401 1731 quo
428 1663 559 1711 suam
577 1662 853 1711 Adversarii
873 1661 1160 1710 sententiam
1189 1659 1269 1706 sta-

309 1734 448 1782 bilire
481 1734 726 1779 nituntur.
768 1727 1091 1797 Hospinianus
1124 1730 1270 1797 igitur

317 1807 364 1853 in
393 1799 475 1850 suo
510 1801 739 1849 Tractatu
776 1800 846 1850 De
874 1804 1040 1868 origine
1073 1799 1270 1864 Templo-

307 1892 400 1925 rum
431 1871 510 1920 lib.
536 1891 575 1920 1.
604 1890 702 1938 cap.
721 1878 770 1919 ἅ.
809 1887 868 1918 ex
885 1868 1091 1918 Arnobii
1121 1870 1202 1917 lib.
1222 1888 1269 1930 4.

318 1960 461 1994 contra
489 1942 714 1997 Gentiles,
752 1941 845 1987 haec
881 1936 1050 1988 refert:
1087 1939 1271 2006 Accufh-

313 2020 374 2064 tis
414 2013 608 2077 (inquit
636 2008 912 2072 Arnobius)
947 2011 1057 2077 quod
1078 2028 1150 2056 nec
1167 2026 1274 2056 tem·

308 2086 385 2150 pla
411 2081 634 2131 habeamus
650 2116 665 2137 ‚
694 2097 767 2127 nec
787 2084 995 2148 imagines
1009 2116 1025 2136 ,
1058 2098 1130 2127 nec
1150 2095 1244 2126 aras
1264 2115 1274 2124 .

318 2158 443 2203 Item
462 2170 519 2200 ex
538 2152 736 2216 Origine
753 2148 834 2196 lib.
859 2156 902 2199 8.
921 2167 1067 2199 contra
1086 2150 1278 2217 Celsum:

319 2223 492 2289 Objieit
518 2221 637 2269 nobis
654 2221 801 2287 Celfits
820 2221 841 2275 ζ
858 2222 1078 2288 Origenis
1098 2217 1284 2267 verba-³

319 2291 460 2355 sunt)
492 2292 603 2359 quod
618 2308 698 2336 non
714 2289 938 2340 habeamus
954 2294 1163 2358 imagines
1177 2324 1192 2345 ,
1214 2304 1286 2338 aut

322 2379 414 2412 aras
433 2398 447 2419 ,
477 2379 549 2411 aut
570 2364 725 2426 templa
744 2396 754 2406 .
793 2363 1005 2410 Demum
1038 2378 1096 2408 ex
1118 2362 1285 2407 Minu-

320 2435 389 2482 tio
411 2434 586 2488 Felice,
602 2432 681 2496 qui
699 2431 868 2479 claruit
884 2432 1006 2479 circa
1023 2448 1126 2477 ann.
1146 2430 1289 2477 Chri·

323 2502 375 2551 sti
396 2521 419 2548 2
437 2521 453 2549 1
471 2522 511 2550 1.
540 2502 587 2547 in
616 2500 820 2566 Dialogo
848 2501 1044 2552 Octavii
1062 2500 1288 2548 Christia-

325 2574 371 2618 ni
395 2590 505 2619 cum
536 2571 729 2620 Caecilio
759 2566 992 2620 Etliiiico:
1029 2571 1119 2623 Cur
1150 2572 1290 2619 nullas

325 2658 418 2689 aras
444 2641 600 2692 habent
624 2644 645 2698 (
666 2641 819 2704 inquit
845 2643 1062 2690 Caecilius
1082 2649 1102 2703 )
1133 2642 1290 2706 templa

328 2715 444 2760 nulla
460 2747 473 2768 ,
502 2713 618 2760 nulla
644 2726 740 2760 nota
752 2709 1015 2779 stmulacra?

400 2779 586 2844 Qibus
610 2780 1090 2849 interrogationibus,
1109 2779 1186 2828 seu
1208 2796 1292 2846 po-

328 2846 418 2896 tius
448 2849 918 2915 exprobrationibus,
947 2848 1057 2899 cum
1084 2846 1294 2917 supradi-

328 2919 428 2968 &os
453 2916 662 2966 Ecclesiae
685 2921 912 2971 Doctores
930 2957 947 2978 ,
973 2917 1026 2969 631
1050 2918 1296 2986 tempesta·

331 3003 375 3037 te
405 2989 691 3055 praecipuos,
726 2990 843 3036 nihil
870 2984 1149 3057 respondiffe
1185 3006 1294 3036 con-

331 3057 416 3107 stet
430 3095 446 3116 ‚
463 3059 648 3124 colligit
668 3057 838 3106 exinde
862 3059 1199 3124 Hospinianus,
1218 3075 1295 3105 eos

332 3125 516 3176 silentio
535 3125 616 3174 suo
632 3121 761 3175 faffos
779 3123 908 3175 fuisse
932 3145 1031 3193 quae
1054 3123 1111 3172 ab
1130 3127 1298 3173 Etlmi-

335 3199 400 3247 cis
434 3195 794 3265 ingerebantur3
825 3215 936 3245 nam
956 3193 991 3245 si
1013 3212 1123 3244 vera
1144 3193 1302 3244 forent

682 193 1114 250 VETERA
1187 190 1891 244 MONIMENTA

1299 279 1397 328 quae
1414 278 1497 309 nos
1513 262 1715 310 dicimus
1730 297 1746 319 ,
1765 263 2083 327 inopportuna
2101 262 2150 311 ὃς
2171 259 2267 309 cul-

1301 328 1468 399 pabilis
1506 332 1702 379 illorum
1745 330 2041 378 taciturnitas
2084 331 2267 379 videre-

1300 416 1408 457 tur,
1436 402 1663 468 praecipue
1689 400 1800 450 cum
1830 399 1887 448 ad
1913 416 2077 447 manus
2108 401 2157 449 ὃ(
2186 402 2273 447 in„

1301 483 1528 539 promptu
1553 469 1788 539 responfio
1820 465 1929 519 esset
1950 492 1966 530 3
1990 465 2273 536 respondere

1303 541 1429 590 enim
1454 552 1696 606 poterant:
1735 541 1866 589 Licet
1886 538 2010 607 apud
2046 558 2129 588 nos
2166 541 2273 587 nul-

1307 612 1351 660 la
1379 606 1468 656 sint
1491 612 1669 678 templa
1694 607 2036 677 sumptuosiora
2066 645 2083 667 ,
2118 610 2277 676 qualia

1310 680 1435 747 apud
1466 697 1549 728 vos
1575 716 1591 738 ,
1628 681 1769 728 sacras
1801 693 1960 729 tamen
1988 679 2105 728 aedes
2132 677 2276 727 habe-

1312 767 1445 807 mus,
1478 763 1617 816 atque
1645 752 1693 797 in
1722 751 1776 798 iis
1808 750 1857 799 ὃς
1875 767 2003 807 3138,
2033 751 2082 800 ἃ.
2110 750 2276 818 imagi-

1311 838 1390 869 nes
1407 856 1417 866 .
1445 817 1638 868 Atcum
1655 820 1726 867 illi
1747 831 1955 868 tacentes
1975 816 2156 882 obJ'esta
2174 821 2278 867 nul-

1312 892 1359 939 lo
1385 890 1522 957 pacto
1552 889 1781 938 diluerint
1807 925 1824 947 ‚
1859 889 1961 955 quis
1986 887 2194 957 ambigat
2224 907 2280 938 eo

1312 975 1528 1028 tempore
1546 960 1695 1008 nullas
1712 962 1876 1008 revera
1891 954 2023 1006 fuiffe
2041 958 2284 1016 Ecclesias,

1314 1032 1537 1081 Oratoria
1556 1066 1572 1088 ‚
1603 1031 1653 1080 ὃς
1678 1029 1860 1095 reliqua
1878 1026 2147 1093 hujusmodi
2168 1039 2183 1076 ?

1384 1102 1605 1149 Poterant
1627 1099 1821 1166 quidem
1837 1135 1853 1158 ,
1883 1117 1975 1148 non
1992 1097 2254 1147 inficiamur
2271 1135 2289 1158 ,

1316 1172 1409 1220 liaec
1435 1173 1485 1222 &
1513 1168 1682 1218 similia
1701 1168 2010 1238 respondere,
2041 1168 2075 1217 fi
2092 1167 2281 1237 respon-

1318 1242 1460 1290 dendi
1479 1238 1714 1289 necessitas
1735 1236 2014 1289 incubuiffet
2031 1276 2040 1286 .
2062 1238 2153 1289 Sed
2174 1238 2286 1289 cum-

1321 1312 1540 1361 inutilem
1566 1347 1583 1369 ,
1616 1312 1667 1361 &
1699 1308 1987 1379 superfluam
2025 1311 2079 1359 iis
2115 1308 2284 1359 diebus

1322 1378 1694 1432 controversiam
1713 1382 1845 1430 illam
1864 1379 2186 1429 existimarent
2201 1416 2217 1440 ,
2236 1398 2287 1428 ac

1322 1450 1461 1502 satius
1482 1451 1710 1501 ducerent
1731 1453 1835 1502 veri
1853 1452 1945 1500 Dei
1977 1451 2161 1498 cultum
2181 1446 2288 1498 insi-

1320 1540 1464 1573 nuare
1495 1558 1511 1580 ‚
1549 1519 1855 1588 tenebrasque
1892 1538 2119 1570 caecarum
2155 1537 2290 1569 men-

1321 1587 1446 1641 tium
1476 1589 1762 1657 Evangelica
1790 1593 1895 1638 luce
1920 1588 2152 1638 discutere
2183 1625 2199 1647 ,
2236 1588 2294 1636 ab

1323 1663 1450 1711 inani
1470 1658 1791 1726 disputatione
1815 1656 2029 1707 consult&
2059 1657 2301 1710 abstinue-.

1323 1744 1463 1787 runt,
1502 1728 1734 1793 Apostolo
1762 1727 2176 1797 obtemperantes,
2215 1729 2298 1797 qui

1323 1805 1372 1850 in
1397 1798 1603 1868 Epistola
1629 1800 1687 1848 ad
1708 1801 1880 1849 Titum
1907 1819 2006 1867 cap.
2032 1816 2076 1858 3.
2107 1797 2226 1850 vers.
2243 1817 2295 1859 9.

1324 1873 1356 1923 S
1360 1872 1519 1926 tultas,
1541 1871 1607 1916 ait
1619 1905 1635 1925 ,
1651 1873 1897 1937 quaeffiones
1912 1905 1928 1926 ‚
1943 1874 1997 1919 θ’]
2009 1873 2302 1939 genealogias,

1327 1945 1381 1991 &¹
1404 1943 1691 1989 contentiones
1703 1977 1719 1998 ,
1742 1945 1971 2008 &pugnas
1989 1942 2097 2009 legis
2113 1943 2271 1991 devita
2283 1975 2304 1999 ,

1320 2015 1430 2083 simt
1447 2015 1559 2059 enim
1577 2013 1758 2059 inutiles
1775 2015 1829 2061 ἴθ’
1845 2028 1973 2060 vanae
1990 2045 2000 2055 .

1402 2079 1548 2148 Qod
1580 2093 1737 2128 autem
1765 2081 2026 2138 Octavius,
2058 2083 2107 2132 &
2130 2085 2307 2153 Origeo,

1335 2169 1413 2200 nes
1439 2169 1491 2199 ea
1518 2148 1738 2217 quaeipsis
1759 2150 2088 2214 objicebantui·
2116 2150 2303 2202 silentio

1337 2220 1419 2270 suo
1446 2218 1544 2267 faffi
1567 2237 1661 2269 non
1691 2218 1902 2280 fuerint,
1935 2218 2014 2268 sed
2044 2220 2305 2271 (1111101013-

1339 2292 1524 2348 verint,
1539 2291 1588 2341 &
1603 2289 1883 2358 respondere
1903 2290 2308 2357 supervacaneum

1340 2359 1650 2411 existimarint
1676 2395 1693 2417 ,
1730 2362 1890 2427 colligi
1925 2378 1985 2408 ex
2021 2378 2076 2409 eo
2114 2361 2267 2429 potest
2292 2398 2309 2421 ,

1342 2428 1470 2499 quod
1486 2427 1594 2478 cum
1613 2428 1671 2478 de
1692 2432 1808 2488 aris,
1839 2433 1887 2481 ὃς
1906 2430 2187 2498 imaginibus
2211 2450 2307 2481 non

1343 2498 1497 2550 minus
1515 2501 1653 2565 quam
1673 2499 1731 2548 de
1749 2501 1942 2568 templis
1958 2502 2304 2569 interrogaren-

1345 2586 1446 2627 tur,
1473 2571 1521 2619 &
1544 2570 1623 2616 1113
1655 2569 1781 2638 apud
1811 2590 1887 2620 eos
1906 2589 1998 2619 non
2020 2567 2104 2620 effe
2130 2572 2306 2636 objice-

1344 2652 1503 2690 rentur
1520 2661 1534 2699 3
1562 2641 1662 2706 pari
1682 2642 1804 2689 circa
1822 2642 1916 2690 haec
1931 2677 1947 2698 ,
1975 2660 2026 2688 ac
2043 2644 2165 2689 circa
2184 2657 2312 2690 tem-

1346 2713 1421 2779 pla
1450 2705 1635 2757 silentio
1671 2707 1738 2757 usi
1766 2707 1871 2774 sunt
1896 2747 1912 2769 ,
1949 2712 2097 2777 neque
2136 2729 2309 2780 expro-

1348 2779 1586 2828 brantium
1610 2776 1900 2828 falfiffimam
1931 2782 2203 2848 opinionem
2231 2797 2308 2830 re-

1346 2847 1509 2900 fellere
1541 2864 1827 2898 cusaverunt
1854 2887 1865 2897 .
1907 2850 2035 2901 Cum
2068 2865 2226 2901 tamen
2259 2852 2313 2902 &

1347 2918 1538 2974 altaria,
1575 2920 1625 2969 &
1653 2920 1880 2988 imagines
1913 2934 2024 2969 tunc
2055 2920 2316 2980 haberent‚¹

1349 2988 1475 3055 quod
1504 2987 1722 3036 omnibus
1745 2993 1891 3038 etiam
1916 2992 2124 3039 alienatis
2152 2989 2312 3038 fratri·

1349 3057 1432 3107 bus
1457 3056 1621 3106 nostris
1645 3059 1693 3105 in
1710 3056 1909 3110 confesso
1932 3058 2025 3119 est3
2049 3059 2313 3128 probatque

1352 3127 1678 3176 Tertullianus
1706 3131 1753 3176 in
1779 3130 1937 3180 Trac‘t.
1969 3130 2038 3182 De
2064 3131 2315 3191 Oratione-,ff

1352 3214 1452 3266 cap,
1477 3215 1551 3260 34.
1578 3197 1648 3246 his
1673 3199 1854 3267 verbis:
1890 3201 2110 3267 Similiter<
2131 3205 2186 3253 ὠ*
2213 3203 2313 3253 Ha-

2231 3276 2318 3326 tio-
