2425 3747
730 231 1477 293 CAPvTVII.

92 312 344 381 Inft’fiavit
358 309 631 377 interpoculct
646 344 662 365 ,
678 311 733 358 ὼ*
751 311 923 377 incensa
924 313 1069 379 sacra.

339 389 466 435 Item
487 400 532 430 v.
550 397 669 443 492.
693 378 906 443 ejusdem
926 381 1036 429 libri
1057 417 1068 428 .

661 468 738 508 acm?
751 465 908 509 ae'k‘wr’
927 467 1040 508 Ιέο-ων
1057 495 1068 511 ,

98 547 141 575 Αν
157 535 204 575 ἐξ
217 536 341 593 βορηὶοι
355 533 411 588 ιῖες
426 530 661 591 {euboea-axina
676 531 856 584 stiffi-s&
873 562 883 572 .

95 608 184 649 ΩΨ
196 600 242 641 ὣς)
257 598 462 649 ιοεκλὸμξυοι
474 594 636 641 μαντήϊον
654 593 857 634 Απόλλωνα
875 624 885 634 .

92 659 194 714 Pige»
208 664 267 702 ἐπ’
283 661 454 716 ἐχαίρρφιν
470 689 482 704 ,
499 660 567 701 vim
583 658 745 707 ἰᾶιωιτΘυ
764 656 942 698 dumezei)
957 689 968 699 .

91 724 276 776 Kggbneqe
292 723 334 764 ὥς
346 723 476 774 ἐπίρφγ
502 718 680 775 [aguas-magon
706 718 829 759 fuste(
844 718 1034 773 ειλὲγιιμόν
1049 747 1061 759 .

470 798 736 868 Exfitrrexit
758 806 866 851 verb
882 799 1006 871 Ictfim
1020 837 1037 859 ,

86 876 341 945 Boreiifilii
358 879 488 923 etiam
502 891 556 919 ex
566 875 930 940 praecepcosi’nis:

84 945 210 996 Illico
243 950 351 996 verb
378 948 638 993 invocantes
656 941 903 1010 fhtldicum
934 944 1074 1009 Apol-

160 1019 295 1066 linem
311 1051 328 1073 ,

83 1087 119 1138 S
120 1103 218 1136 acra
214 1085 419 1154 fecerunt
432 1091 483 1135 in
486 1084 589 1153 foco
593 1085 678 1154 fitb
692 1087 809 1136 diem
836 1089 1043 1134 orientem
1059 1105 1073 1134 :

81 1159 304 1226 &unieret
318 1174 461 1207 tamen
469 1160 585 1225 ficii
602 1158 741 1205 laetam
767 1175 925 1208 coenam
945 1157 1069 1205 ador-

156 1246 318 1279 narunt
336 1264 346 1274 .

164 1302 238 1346 En
269 1317 383 1366 quas
404 1315 492 1366 pro
528 1294 708 1364 ingenii
743 1298 842 1346 mei
883 1295 1070 1346 viribus

83 1372 221 1439 potui
252 1366 519 1418 istiusmodi
549 1366 751 1416 Tabulae
781 1369 1067 1436 explicatio-

81 1458 162 1489 nes
181 1437 347 1489 afferre
368 1475 380 1486 .
419 1439 587 1488 Tuum
608 1436 674 1487 est
694 1439 845 1488 modo
875 1440 1068 1496 (amice

81 1511 288 1574 Lector)
318 1508 701 1578 probabiliorem
721 1524 885 1579 aptare
909 1531 921 1559 ε
959 1527 1067 1559 om-

79 1584 160 1629 nia
195 1582 378 1631 etenim
417 1578 661 1649 hucusque
700 1580 920 1651 congesta
958 1599 1070 1649 pru-

82 1652 257 1701 dentiae
272 1688 287 1708 ‚
312 1652 363 1701 &
385 1652 649 1701 eruditioni
673 1665 765 1701 tuae
786 1650 1075 1718 commissa„¹

79 1722 191 1770 sunt
208 1757 224 1779 ,
264 1735 319 1768 ut
339 1724 538 1771 meliora
563 1723 734 1791 seligas
755 1759 767 1769 .

144 1790 238 1841 Sed
257 1804 311 1838 ut
329 1793 355 1840 a
371 1789 544 1839 fabulis
561 1809 658 1840 non
679 1791 776 1840 sine
794 1794 956 1859 aliquo
969 1794 1067 1841 Hi-

80 1860 233 1911 storiae
263 1862 594 1909 emolumento
635 1859 963 1919 discedamus,
995 1865 1067 1909 in-

81 1929 416 1999 vestigandum
433 1927 509 1978 hic
537 1929 603 1980 est
630 1928 863 1997 quantum
883 1948 957 1980 res
978 1930 1069 1979 du-

82 2000 162 2050 bia
193 2003 431 2067 permittit
449 2037 465 2059 ‚
504 2020 564 2048 an
597 2000 744 2050 etiam
772 2001 841 2050 hae
867 2000 1069 2050 Tabulae

85 2071 145 2120 ad
162 2074 236 2119 M.
259 2072 535 2120 Antonium
557 2068 721 2121 referri
741 2069 933 2141 poffint,
948 2069 1070 2121 ficut

81 2145 134 2195 &
151 2155 325 2190 caeterae
341 2176 360 2198 ,
396 2158 496 2207 quae
520 2145 569 2190 in
588 2143 658 2188 his
679 2143 933 2192 ruderibus
962 2161 1068 2210 per-

85 2211 253 2284 spestae
274 2209 382 2259 sunt
400 2247 411 2258 .

156 2284 380 2332 Multum
411 2279 553 2329 studii
582 2277 801 2350 profesto
830 2280 1072 2350 impendi-

82 2373 187 2404 mus
204 2390 220 2412 ,
257 2368 312 2401 ut
329 2371 406 2402 eas
425 2352 485 2400 ad
506 2355 582 2401 M.
602 2354 879 2402 Antonium
908 2353 1071 2420 aliquo

84 2430 230 2476 modo
255 2424 618 2474 reduceremus.
655 2425 769 2473 Hoc
799 2437 962 2472 autem
980 2442 1066 2472 no-

86 2494 157 2544 bis
175 2497 300 2544 inter
326 2496 418 2541 alia
446 2493 645 2543 tandem
674 2493 932 2561 aliquando
959 2512 1064 2562 per-

86 2563 331 2615 suaserunt
354 2563 566 2613 vistimae
584 2566 800 2614 humanae
816 2602 833 2624 ,
865 2567 914 2613 in
941 2567 1068 2634 prio-

85 2639 127 2689 ri
150 2654 209 2686 ex
227 2637 298 2684 his
327 2633 511 2683 duabus
531 2635 733 2684 Tabulis
758 2642 857 2700 jam
872 2635 1070 2686 demon-

87 2706 237 2756 stratae
251 2728 265 2767 3
278 2706 450 2773 quibus
464 2708 677 2755 viciimis
696 2710 769 2756 M.
794 2710 1071 2757 Antonium

89 2779 138 2825 in
183 2777 429 2844 triumpho
467 2778 754 2846 AEgyptiaco
798 2774 1074 2830 ostentasse-2

89 2849 344 2916 opinamur
356 2883 372 2904 ,
392 2845 435 2895 se
452 2848 509 2894 ab
531 2850 708 2898 Alcide
725 2850 964 2918 originem
984 2850 1071 2899 du-

88 2936 230 2977 cere,
259 2919 337 2966 cui
356 2918 574 2968 humanis
601 2918 761 2969 hostiis
780 2922 900 2968 olim
927 2919 1069 2970 sacri-¹

88 2987 221 3037 ficari
253 2986 532 3038 consuetum
560 2986 692 3040 fuisse
718 2990 978 3042 didicimus
1010 3010 1070 3041 6)(

90 3059 274 3116 Plinio,
306 3062 413 3108 loco
431 3059 569 3126 supra
588 3062 762 3110 citato:
801 3075 943 3130 atque
966 3066 1071 3112 ita-2

92 3146 198 3176 eam
228 3129 471 3177 Tabulam
496 3133 568 3178 M.
592 3134 809 3182 Antonio
842 3131 966 3184 belle
995 3155 1070 3183 ac-

95 3198 342 3247 comodari
363 3198 656 3249 affirmamus
672 3237 686 3248 .

94 3304 97 3310 .
163 3268 431 3319 Secundam
455 3273 643 3340 quoque
663 3306 680 3329 ,
712 3292 764 3322 ac
784 3273 1072 3342 postremam

2045 252 2081 294 6.
2118 255 2120 258 .

1128 307 1372 356 Tabulam
1389 304 1548 355 eidem
1570 298 1861 364 referimus,
1881 261 2117 362 arbitra?

1124 392 1193 428 tes
1226 379 1421 445 Hylam
1454 376 1748 446 puerulum,
1783 379 1993 428 Herculi
2026 385 2118 439 ind⁴

1121 450 1290 517 primis
1323 451 1520 496 charum
1546 483 1562 506 ,
1595 448 1648 497 &
1681 451 1707 497 ὲ
1741 450 1996 517 Nymphis
2034 471 2110 501 ra-

1121 533 1293 587 ptum,
1318 522 1392 567 M.
1422 520 1701 567 Antonium
1732 518 1962 572 denotare
1984 558 2001 581 ,
2033 526 2117 591 qui

1122 591 1394 657 Cleopatrae
1423 588 1663 639 illecebris
1680 592 1728 638 in
1747 592 2016 661 AEgyptum
2041 607 2113 643 at-

1122 660 1299 708 tractus
1314 696 1330 717 ‚
1363 658 1483 707 inibi
1502 660 1714 726 quodam
1733 666 1909 712 amoris
1933 661 2115 716 fascino

1127 749 1314 780 moram
1342 730 1484 779 duxit
1510 731 1676 779 Patriae
1709 746 1810 780 tam
1845 735 2083 802 ingratam
2100 774 2117 796 ,

1127 804 1304 870 quipp&
1331 820 1433 869 quae
1462 819 1611 869 grave
1637 802 1867 867 majestati
1887 809 2121 857 Romanae

1126 873 1458 941 praejudicium
1475 868 1664 922 afferret
1676 911 1694 934 ,
1710 887 1764 921 ut
1784 893 1842 924 ex
1862 876 2119 928 Plutarcho

1124 942 1264 1012 supra
1300 943 1659 1006 indicavimus3
1696 947 1840 1012 quam
1868 943 1956 995 fibi
1985 949 2120 998 inde-

1129 1033 1293 1064 coram
1307 1052 1325 1073 ,
1350 1016 1518 1084 utpote
1539 1017 1684 1064 nimis
1704 1017 1906 1066 mollem
1923 1053 1940 1075 ‚
1973 1032 2119 1087 atque

1128 1086 1241 1135 ideo
1287 1086 1346 1134 ab
1389 1084 1614 1135 omnibus
1658 1082 1756 1135 fere
1796 1088 2120 1156 Scriptoribus

1127 1156 1444 1225 turpitudinis
1468 1154 1582 1204 nota
1605 1155 1808 1205 inustam
1823 1196 1841 1217 ‚
1876 1162 2118 1229 praecipue

1127 1226 1186 1276 ab
1206 1229 1418 1277 Horatio
1435 1263 1451 1285 ,
1485 1228 1568 1294 qui
1586 1227 1740 1295 Epod.
1760 1230 1871 1278 Ode
1884 1248 1934 1291 9.
1962 1231 2022 1281 de
2038 1249 2121 1281 eo-

1126 1299 1240 1348 dem
1267 1302 1342 1346 M.
1361 1299 1581 1346 Antonio
1608 1296 1672 1345 fic
1693 1299 1789 1347 ait:

1192 1370 1417 1421 Romanus
1434 1368 1616 1426 (Eheu,
1632 1369 1831 1434 posteri,
1868 1373 2119 1443 negabitis)

1335 1438 1842 1508 Emanctpatusfi’mt'nae
1858 1478 1874 1500 ‚

1194 1511 1296 1563 Fert
1312 1514 1487 1562 vallum
1499 1548 1516 1570 ,
1543 1515 1600 1564 Θ·
1619 1529 1741 1561 arma
1755 1516 1883 1564 miles
1897 1551 1914 1573 ,
1949 1516 2119 1586 &spa-

1267 1581 1453 1632 donibus

1340 1654 1374 1702 S
1377 1659 1532 1704 ervire
1549 1653 1710 1719 rugosts
1720 1658 1872 1718 potes‘?
1893 1675 1905 1703 :

1193 1722 1398 1789 Interque
1405 1722 1542 1789 figna
1558 1735 1681 1786 turpe
1698 1726 1920 1771 militaria

1338 1793 1418 1843 Sol
1434 1792 1592 1861 aspicit
1609 1793 1858 1860 Canopaeum
1872 1828 1884 1838 .

1120 1865 1213 1912 Hae
1244 1876 1409 1911 autem
1448 1862 1731 1922 conjesturae
1768 1862 1935 1911 nostrae
1972 1879 2120 1929 quan-

1123 1943 1230 1978 tum
1251 1929 1436 1979 roboris
1457 1925 1628 1995 assequi
1647 1929 1909 1999 potuissent
1924 1967 1941 1988 ,
1959 1930 1993 1980 fi
2013 1934 2119 2000 plu·

1123 2020 1196 2051 res
1230 2002 1344 2048 alias
1374 2002 1424 2047 in
1454 1999 1624 2049 eadem
1654 1999 1852 2050 Basilica
1886 2002 2007 2050 olim
2036 2020 2122 2051 ex-

1123 2085 1277 2122 tantes
1311 2076 1480 2121 Icones
1517 2069 1794 2139 perlustrari
1814 2109 1832 2130 ‚
1869 2071 2121 2122 illustrari-

1123 2161 1216 2211 que
1240 2143 1565 2210 explicatione
1581 2178 1597 2200 ,
1627 2145 1867 2194 voracitas
1884 2145 2120 2211 temporis

1125 2209 1410 2286 permisisset
1426 2222 1443 2259 Ξ·

1197 2284 1447 2335 Hastenus
1462 2281 1522 2332 de
1537 2286 1849 2340 ornamentis,
1868 2286 1970 2349 q‘uae
1987 2284 2121 2333 Gen-

1122 2355 1353 2405 tilitatem
1380 2351 1701 2420 respiciebant
1716 2389 1734 2412 ,
1765 2355 1813 2401 in
1834 2350 2030 2402 Bafilica
2049 2355 2119 2402 Si-

1121 2426 1308 2472 ciniana
1346 2419 1677 2490 superstitibus
1705 2460 1721 2481 ,
1768 2419 2070 2473 disseruimus
2102 2459 2115 2471 .

1122 2494 1279 2544 Modo
1313 2494 1372 2543 ad
1393 2494 1586 2541 unicam
1612 2492 1805 2543 tantum
1836 2493 2117 2545 Tabulam

1124 2571 1261 2633 (quae
1280 2568 1328 2614 in
1347 2564 1516 2614 ordine
1536 2564 1602 2614 est
1627 2569 1798 2617 XXV.
1816 2575 1837 2629 )
1872 2568 1920 2612 in
1943 2567 2114 2615 eadem

1124 2635 1322 2685 Basilica
1342 2636 1521 2704 pictam
1540 2671 1556 2693 ,
1580 2637 1631 2686 &
1651 2634 1799 2703 usque
1818 2637 1877 2684 ad
1896 2634 2113 2684 nostrum

1123 2725 1283 2756 aevum
1313 2704 1581 2764 servatam,
1611 2708 1735 2754 itaut
1770 2726 1854 2755 nos
1889 2704 1977 2774 ipfi
2007 2724 2115 2756 eam

1124 2779 1392 2829 viderimus
1406 2814 1423 2836 ,
1450 2774 1637 2844 stylum
1660 2778 1987 2827 convertimus
2004 2814 2015 2824 .
2035 2779 2111 2824 Pi-

1123 2851 1258 2900 &ura
1288 2850 1384 2898 haec
1413 2861 1514 2897 erat
1546 2849 1593 2894 in
1614 2865 1705 2896 una
1734 2867 1794 2899 6)(
1814 2849 1910 2897 illis
1928 2849 2113 2916 magnis

1122 2919 1334 2971 fenestris
1373 2920 1432 2967 ad
1470 2919 1728 2968 meridiem
1765 2919 2076 2988 vergentibus
2093 2951 2112 2973 ‚

1123 3011 1223 3059 quae
1241 3008 1380 3039 muro
1399 2989 1544 3039 ducito
1561 2989 1727 3040 clausae
1743 2988 1964 3045 fuerunt,
1980 3005 2033 3036 ea
2050 2985 2110 3034 de

1123 3060 1261 3110 causa
1293 3063 1494 3130 opinor,
1523 3074 1577 3109 ut
1605 3063 1865 3110 immodica
1894 3060 2006 3113 lux,
2038 3073 2111 3102 ra-

1124 3134 1287 3201 diique
1317 3132 1488 3182 solares
1505 3168 1522 3190 ,
1558 3131 1805 3180 orantibus
1832 3130 1881 3174 in
1899 3123 2109 3175 Ecclesia

1123 3202 1310 3254 molesti
1337 3240 1354 3262 ,
1389 3201 1786 3253 excluderentur:
1822 3195 1975 3245 nimia
2013 3209 2110 3245 ete-

1124 3278 1226 3325 nim
1243 3272 1561 3342 amplitudine
1587 3270 1733 3337 spatia
1750 3266 2100 3318 fenestrarum-³

1975 3351 2106 3406 pate-
