2425 3747
701 193 1201 256 CAPUT
1302 195 1474 255 XIII.

71 277 175 343 jam
205 274 495 343 tigrim-abam-
534 271 649 323 Hinc
677 275 863 321 maxim&
896 277 1053 341 cogita-

86 344 252 395 bundas
271 382 286 403 ,
321 363 367 394 ac
395 345 636 410 depecunia
660 343 930 392 restituenda
942 345 1052 410 stali-

85 421 229 472 citus,
266 433 387 483 quam
418 420 466 464 in
484 410 671 482 Jamiliae
692 414 1055 483 fhHentationem

85 485 374 550 impenderam
389 519 404 541 ,
440 484 618 552 quadam
639 485 754 534 notle
776 499 918 534 texere
933 485 1051 552 sbm-

88 559 223 604 niavi
242 589 257 610 ,
290 556 520 623 obicemque
538 551 806 620 dffculcatis
823 560 1025 604 evincere
1040 589 1051 600 .

88 624 311 692 Prosilivi
325 626 480 675 filatim
495 659 509 682 ‚
528 626 583 673 (9¹
601 627 712 690 quod
725 630 773 674 in
779 624 947 692 sbmnis
965 643 1055 673 con-

86 709 300 761 ceperam,
331 698 462 763 vigil
483 710 699 746 attentans
718 731 734 753 ,
769 702 872 745 voti
899 711 1056 762 compos

82 787 104 814 e
142 764 342 833 effusfui
362 801 372 811 .
411 765 615 841 Qatuor
642 767 744 816 inde
774 765 942 834 industa
958 785 1053 814 con-

79 764 167 900 βζὶ
178 871 194 892 ,
220 855 388 904 quorum
410 839 589 885 alterum
606 842 653 886 in
672 835 929 904 Hispaniam
943 871 958 892 ,
977 837 1055 885 duo

84 911 134 954 in
150 906 406 956 Sardiniam
422 906 565 956 delata
568 902 695 973 fuere
710 930 725 968 3
754 925 946 974 quartum
951 909 1051 976 san.

85 995 209 1026 mem.
232 979 444 1028 Clementi
464 977 586 1042 Papae
600 975 669 1026 X.
703 977 808 1026 dono
835 977 967 1033 dedi,
1003 980 1057 1026 (θ’

83 1049 281 1097 instante
300 1047 572 1114 postmodum
592 1047 628 1098 E
635 1049 873 1115 minentift.
894 1047 1055 1112 Purpu-

81 1134 192 1173 rato‚
204 1118 346 1185 sbccos
362 1117 442 1184 fi’u
458 1119 656 1167 calceolos
682 1121 815 1167 lineos
844 1120 973 1165 etiam
993 1133 1054 1164 te-

84 1188 224 1237 xendi
253 1187 417 1235 modum
453 1191 640 1236 inve-ni.
671 1189 789 1235 Haec
810 1187 922 1234 ille:
952 1188 1057 1253 qui-

84 1256 169 1305 bus
197 1271 250 1304 ut
269 1255 412 1304 fidem
440 1255 694 1314 astrueret,
730 1255 948 1304 nondum
976 1254 1055 1303 ab·

80 1325 293 1375 solutum
314 1323 555 1373 indufium
588 1324 790 1375 ostendit
809 1361 820 1372 .
862 1327 1058 1392 thue„

84 1414 269 1445 novum
286 1396 374 1444 hoc
394 1398 530 1444 Artis
559 1397 813 1447 inventum
828 1431 845 1453 ,
873 1394 953 1444 seu
972 1412 1056 1444 ve-

82 1469 194 1518 teris
216 1464 452 1516 restitutio
490 1467 638 1534 magis
666 1465 908 1534 magisque
931 1479 1058 1533 pate-

81 1551 153 1588 ret
174 1574 190 1596 ,
227 1535 426 1605 publicae
451 1536 571 1585 illud
593 1537 867 1586 Academiae
888 1533 1057 1604 Physi-

85 1607 515 1657 co-mathematicae
536 1642 551 1663 ,
588 1625 688 1673 quae
723 1607 855 1656 domi
885 1625 1000 1655 meae
1032 1609 1059 1655 ὲ

83 1676 302 1748 pluribus
321 1676 451 1723 annis
476 1676 676 1724 habetur
692 1711 707 1734 ,
738 1675 945 1723 fideliter
963 1674 1061 1741 spe-

82 1748 312 1798 standum
329 1743 605 1814 proposuit,
623 1759 788 1812 totque
807 1742 876 1792 sui
894 1742 1030 1794 testes
1046 1779 1062 1802 ,

80 1837 134 1867 ac
166 1834 396 1886 praecones
418 1814 612 1873 habuit,
638 1829 754 1883 quot
786 1813 840 1864 ez'i
859 1814 938 1864 die
974 1833 1060 1864 no·

80 1888 182 1936 strae
199 1885 473 1935 Academiae
498 1886 855 1935 intervenerant
871 1919 883 1929 .

152 1954 366 2005 Artificis
387 1973 564 2005 nomen
583 1955 647 2004 est
662 1949 931 2004 Franciscus
950 1955 1060 2002 Ma-

87 2029 157 2076 ria
195 2026 406 2074 Granchi
443 2061 458 2084 ‚
496 2027 688 2075 natione
726 2025 1029 2074 Florentinus
1046 2058 1063 2081 ,

84 2114 267 2146 novem
292 2103 387 2160 jam
415 2092 552 2164 supra
573 2097 913 2164 quinquaginta
933 2094 1065 2142 annis

85 2171 135 2216 in
153 2166 292 2221 Urbe
312 2180 523 2214 moratus
538 2201 553 2224 ,
574 2166 668 2233 quo
685 2168 770 2214 vix
791 2165 956 2214 εΧεὶξὶο
977 2181 1062 2212 no-

84 2239 264 2288 vennio
299 2254 418 2305 puer
450 2234 664 2285 acceffit:
702 2239 752 2286 &
784 2237 894 2302 quia
922 2234 979 2282 ab
1006 2251 1063 2282 eo

86 2305 297 2357 curiosus
324 2307 476 2356 adhuc
504 2304 737 2372 exquisivi
756 2342 771 2363 ‚
799 2306 948 2371 qualis
965 2317 1066 2352 tex-

86 2379 200 2427 torii
231 2379 331 2444 jugi
358 2377 416 2426 ad
444 2378 537 2425 haec
568 2394 710 2444 opera
738 2374 891 2424 forma
923 2371 1063 2434 effer,

86 2445 340 2517 ipsammet
374 2444 460 2496 effe
485 2449 644 2515 accepi
673 2482 688 2504 ,
725 2463 825 2513 quae
855 2445 913 2494 ad
950 2463 1064 2514 pan-

88 2536 208 2569 num
227 2515 450 2583 cujusque
472 2519 658 2584 generis
676 2516 931 2566 adhibetur
951 2552 961 2563 .

160 2587 268 2636 Post
296 2588 478 2655 aliquot
505 2586 685 2636 menses
704 2585 828 2635 fama
858 2604 941 2656 per
971 2587 1069 2639 Ur-

89 2657 205 2709 bem
242 2659 535 2725 vulgaverat
560 2693 576 2716 ,
613 2655 896 2707 inconsutile
930 2655 1067 2705 indu-

87 2728 210 2778 fium
245 2729 293 2775 in
324 2726 510 2795 praesata
531 2728 800 2777 Academia
832 2725 1067 2777 ostensum

88 2795 221 2848 fuiffe
251 2834 262 2845 .
303 2797 450 2851 Unde
479 2798 679 2866 quidam
712 2800 829 2847 alius
857 2800 1068 2867 ingenio-

89 2870 161 2918 sus
191 2863 390 2926 artifex,
427 2868 697 2918 Franciscus
726 2870 880 2917 Guiot
909 2868 1065 2917 nomi-

89 2958 176 2998 ne,
193 2940 384 2987 natione
402 2940 520 2987 vero
537 2940 820 3008 Burgundus
832 2975 848 2998 ‚
863 2938 1065 2987 recurrit

90 3011 152 3058 ad
183 3014 244 3058 D.
267 3008 477 3059 Abatem
496 3008 760 3077 Josephum
781 3009 1033 3058 Ponthiam
1047 3044 1064 3066 ,

90 3078 303 3144 ejusdem
324 3080 596 3127 Academiae
616 3083 642 3127 a
659 3077 864 3138 secretis,
883 3092 937 3127 ut
955 3096 1061 3146 pro-

94 3151 184 3218 prii
205 3150 379 3217 ingenii
402 3151 449 3197 in
465 3167 517 3198 ea
537 3166 763 3216 pompam
787 3147 965 3199 faceret
992 3161 1060 3196 te-

90 3218 247 3269 xendo
276 3236 370 3267 non
401 3218 555 3268 solum
583 3217 822 3268 indusium
842 3256 858 3278 ,
892 3215 1065 3269 verum

162 3286 307 3341 Par.I.

1983 222 2041 255 ιο

1105 278 1154 327 ὅ(
1179 292 1401 342 mappam
1427 289 1537 321 curn
1566 269 1657 320 suis
1684 270 1847 320 floccis
1867 271 1926 321 ad
1946 225 2077 327 nare5s

1106 344 1438 412 detergendas:
1480 361 1531 390 ac
1552 342 1750 410 proinde
1782 345 2073 410 parvulam„

1108 413 1331 466 Casulam
1350 450 1367 472 ,
1407 413 1555 480 vulgo
1576 414 1820 461 Planetam
1840 451 1855 472 ,
1875 412 2077 482 abstine„

1107 487 1204 533 ulla
1243 484 1346 532 acus
1375 501 1462 550 ope
1490 517 1506 540 ,
1542 481 1619 532 sed
1658 480 1755 532 sola
1788 485 1838 533 ὃς
1872 481 2077 553 fimplici

1107 552 1296 604 textura
1326 555 1372 599 in
1404 553 1542 601 solito
1576 558 1690 621 jugo
1717 555 1927 603 textorio
1964 574 2075 623 pro-

1109 622 1207 694 pria
1246 622 1464 671 minervii
1504 620 1795 672 elaboratam
1835 628 2038 693 protulit
2061 664 2074 676 .

1109 695 1267 761 Qiarc}
1284 711 1340 742 ex
1360 695 1531 741 iterato
1548 695 1799 743 molimine
1822 696 1992 744 horum
2008 715 2078 745 ar-

1106 764 1290 813 tificum
1305 798 1321 820 ‚
1345 762 1473 829 quod
1504 761 1619 811 bene
1635 798 1652 821 ‚
1684 764 1781 811 imo
1803 766 1925 813 ultra
1945 765 2078 833 spem

1108 834 1310 890 cecidit,
1341 847 1471 900 patet
1506 836 1649 900 quam
1684 832 1821 882 facile
1856 834 1913 883 fit
1941 840 2079 901 huju-

1108 903 1319 954 scemodi
1352 906 1531 951 tunicas
1563 902 1866 952 inconsutiles
1887 920 2045 957 texere
2067 945 2077 954 .

1110 978 1155 1023 Si
1182 993 1291 1042 ergo
1321 974 1447 1040 apud
1467 975 1686 1041 antiquos
1710 992 1811 1022 mos
1835 973 1916 1025 iste
1948 980 2081 1046 vige-

1110 1045 1189 1092 bat
1206 1047 1253 1091 in
1277 1046 1448 1092 tunicis
1466 1080 1481 1101 ,
1510 1045 1685 1110 quanto
1714 1046 1864 1112 magis
1882 1045 2082 1114 viguisse

1109 1113 1477 1164 existimandum
1497 1113 1561 1162 est
1579 1115 1626 1160 in
1647 1114 1804 1161 Palliis
1834 1116 2084 1166 conficien-

1111 1185 1180 1234 dis
1200 1220 1216 1242 ,
1253 1202 1353 1250 quae
1374 1202 1466 1231 non
1488 1184 1691 1230 rotunda
1723 1197 1776 1231 ut
1794 1184 1935 1234 hodie
1951 1221 1968 1243 ‚
2006 1186 2085 1236 sed

1111 1254 1338 1322 quadrata
1358 1252 1563 1321 oblonga
1581 1250 1713 1301 fuisse
1731 1254 1895 1317 judico
1911 1291 1928 1313 ‚
1959 1257 2007 1306 ὃς
2027 1256 2085 1304 ab

1112 1345 1167 1375 ea
1202 1320 1355 1371 forma
1383 1341 1557 1373 nomen
1586 1324 1849 1373 Palliorum
1885 1326 2085 1391 quadra-

1112 1410 1274 1445 torum
1302 1390 1563 1461 sumpsisse.

1183 1466 1377 1531 Singula
1396 1477 1554 1513 tamen
1577 1479 1661 1531 per
1679 1462 1723 1514 se
1747 1462 1963 1515 distinct&
1990 1479 2092 1515 tex-

1113 1550 1160 1584 ta
1185 1531 1319 1583 fuisse
1350 1534 1555 1584 arbitror
1577 1569 1594 1591 ,
1631 1548 1685 1582 ut
1711 1551 1838 1582 nunc
1869 1538 2091 1585 videmus

1114 1607 1350 1656 lectorum
1389 1607 1639 1663 culcitras,
1677 1623 1878 1672 quarum
1903 1605 2094 1675 singulae

1113 1674 1304 1723 divisim
1334 1673 1390 1720 ab
1415 1675 1518 1720 aliis
1540 1687 1794 1730 texuntur,
1822 1674 2092 1742 habentque

1116 1746 1164 1792 in
1185 1744 1332 1792 altero
1366 1761 1424 1792 ex
1445 1745 1627 1810 angulis
1660 1761 1803 1791 unam
1821 1779 1837 1801 ,
1877 1747 1956 1795 vel
1976 1745 2093 1796 duas

1116 1816 1274 1862 literas
1294 1851 1310 1872 ,
1350 1827 1431 1861 aut
1459 1815 1607 1862 alium
1629 1813 1947 1866 characterem
1963 1851 1979 1873 ,
2007 1818 2088 1884 qui

1116 1901 1289 1932 nomen
1320 1881 1508 1930 artificis
1534 1885 1742 1941 indicat,
1780 1888 1858 1932 vel
1887 1885 2093 1936 officinae

1116 1950 1296 2020 insigne
1313 1950 1376 2001 est
1393 1988 1403 1998 .
1443 1953 1536 2000 His
1553 1970 1665 2021 ergo
1685 1952 1947 2004 rationibus
1962 1992 1978 2014 ,
2009 1957 2094 2006 vel

1117 2023 1400 2087 conjecturis
1429 2023 1583 2071 allatis
1603 2024 1789 2073 abund&
1811 2023 2092 2075 ostensum-2

1117 2107 1315 2142 autumo
1332 2129 1348 2151 ,
1372 2094 1530 2141 literas
1544 2128 1561 2150 ‚
1578 2095 1628 2144 &
1646 2097 1737 2144 alia
1756 2093 1883 2163 figna
1912 2099 2094 2146 laciniis

1118 2162 1323 2212 vestium
1345 2161 1691 2231 Apostolorum
1707 2200 1723 2222 ,
1762 2167 2093 2233 aliorumque-2

1118 2234 1399 2283 Sanetorum
1416 2231 1713 2302 appofita‚nil
1733 2235 1862 2283 aliud
1879 2236 2094 2296 omnino,

1119 2302 1204 2352 nisi
1241 2323 1415 2353 nomen
1453 2302 1690 2354 artificum
1728 2305 1935 2356 indicare
1957 2343 1974 2365 ,
2013 2305 2094 2357 seu

1119 2387 1291 2423 notum
1309 2373 1486 2443 infigne
1506 2372 1621 2433 effe,
1639 2378 1686 2425 in
1706 2375 1969 2426 eorundem
1989 2375 2094 2426 offi-

1118 2447 1234 2494 cinis
1252 2444 1444 2514 publico
1461 2445 1668 2514 aspestui
1688 2448 1863 2517 apponi
1881 2447 2090 2496 solitum.

1295 2586 1670 2640 CAPUT
1746 2590 1914 2637 XIV.

1249 2729 1320 2779 De
1354 2730 1530 2780 Coronis
1544 2763 1560 2785 ,
1596 2729 1776 2796 aliisque
1810 2732 1968 2794 capitis

1459 2816 1719 2849 ornamentts
1735 2837 1746 2848 .

1122 2933 1255 3075 C
1273 2940 1396 2991 UM
1431 2937 1632 2988 instituti
1653 2937 1797 2989 nostri
1830 2940 2090 3010 praecipuus

1295 3009 1409 3077 pene
1439 3007 1496 3057 fit
1526 3008 1722 3079 scopus,
1760 3007 2005 3060 Iconismis
2026 3005 2085 3054 ad

1114 3101 1216 3132 rem
1247 3079 1596 3149 pertinentibus
1616 3081 1858 3129 historiam
1886 3093 2083 3126 ornare:

1115 3168 1321 3219 cumque
1342 3152 1389 3197 in
1409 3151 1464 3199 iis
1482 3169 1574 3200 non
1591 3151 1732 3200 semel
1753 3165 1965 3205 coronas,
1983 3145 2083 3194 dia-

1116 3223 1333 3278 demata,
1357 3216 1475 3267 serta
1491 3256 1507 3277 ,
1543 3217 1745 3284 aliasque
1769 3217 1818 3265 id
1838 3235 1985 3285 genus
2003 3233 2082 3264 co-

1538 3291 1586 3339 Ο
1987 3287 2083 3334 rol-
