2425 3747
273 282 452 388 sachis,
462 330 542 379 vel
564 324 621 375 ab
643 329 745 377 aliis
763 330 811 375 in
826 323 1090 376 eorundem
1113 320 1253 371 usum

269 399 404 453 fuiffe
421 399 730 456 construstas,
746 412 944 464 quarum
964 406 1095 440 tanta
1116 390 1253 441 saecu-

271 476 329 525 lis
343 470 567 520 anteastis
582 470 719 535 copia
732 502 748 523 ,
773 483 825 512 ac
844 462 1112 530 frequentia
1130 461 1251 522 fuit,

271 558 326 593 ut
344 544 537 590 Miraeus
566 541 613 586 iii
634 534 829 603 epistola
859 532 1154 583 dedicatoria
1182 532 1251 582 sui

271 615 319 664 T
322 612 524 661 rastatus
538 603 1250 674 OriginumMonaffz'carumAUO

272 683 410 751 supra
434 678 775 745 quinquaginta
791 677 947 724 millia
963 673 1254 725 Monasteria

272 756 411 803 unius
438 746 637 799 Ordinis
668 747 967 796 Benedistini
996 743 1129 794 fuisse
1160 759 1270 793 tra-·

271 821 473 874 diderit:
502 819 606 866 illas
638 818 788 875 vero,
814 836 917 885 quae
949 834 1034 885 per
1063 818 1222 885 plures
1240 853 1257 874 ,

271 886 566 956 laxioresque
592 884 812 938 fenestras
841 889 1000 936 lucem
1030 888 1257 936 admitte-

271 975 407 1019 rent,
425 962 471 1008 in
488 960 654 1027 populi
671 959 819 1007 totius
839 972 1137 1008 conventum
1150 993 1165 1014 ,
1182 971 1256 1005 ut-

273 1051 366 1102 que
380 1035 406 1081 a
421 1031 627 1081 Clericis
638 1065 656 1087 ,
673 1029 892 1078 Parochis
909 1066 925 1088 ,
949 1030 1030 1078 vel
1048 1030 1255 1079 Canoni-

272 1107 367 1160 cis,
394 1103 445 1153 δε
472 1099 708 1169 Episcopo
735 1101 1059 1150 incolerentur
1078 1137 1095 1158 ,
1127 1101 1254 1149 exci-

273 1187 394 1224 tatas
412 1168 548 1220 fuisse
566 1207 578 1218 .

343 1241 759 1310 Qandoquidem
786 1243 989 1292 materia
1015 1240 1259 1311 suppetit,

274 1328 330 1364 ut
353 1315 412 1364 de
429 1310 636 1382 profanis
654 1310 863 1361 aedificiis
889 1313 1044 1380 aliqua
1066 1310 1261 1382 sparsim

273 1386 465 1441 dicam,
493 1381 576 1431 ubi
595 1382 778 1432 occafio
810 1381 858 1432 se
878 1383 1147 1445 obtulerit3
1184 1382 1265 1431 abs

274 1475 327 1507 re
352 1452 546 1504 fortasse
578 1471 675 1503 non
697 1454 821 1512 erit,
853 1452 889 1502 fi
907 1456 1067 1522 aliqua
1094 1455 1172 1503 h‘i'c
1193 1466 1264 1502 at·-

275 1528 460 1595 tingam
478 1522 654 1593 potitis,
668 1527 812 1592 quam
832 1522 1110 1593 prosequar,
1126 1524 1187 1573 ad
1202 1522 1267 1572 fe-

273 1597 449 1646 nestras
478 1594 654 1644 aedium
679 1598 981 1663 privatarum
1014 1597 1264 1664 pertinen-

273 1669 341 1715 tia
358 1703 370 1713 .
409 1665 654 1734 Tempore
690 1668 841 1734 igitur
861 1669 1265 1734 Imperatorum-2

272 1739 467 1800 exiguas
496 1753 571 1779 ens
596 1733 730 1775 fnisse
756 1734 951 1786 jiirlieo,
982 1738 1033 1773 Cn
1059 1736 1267 1793 quadra-

272 1819 342 1853 tas
356 1838 372 1860 ,
406 1813 548 1866 atque
563 1798 590 1845 ὲ.
605 1795 833 1843 columna
856 1810 1126 1844 marmorea
1147 1793 1266 1843 bifa-

272 1876 394 1923 riam
414 1867 591 1926 sectas,
613 1866 695 1915 vel
722 1867 872 1915 etiam
893 1865 1057 1933 paullo
1080 1868 1184 1935 plus
1215 1868 1262 1914 in

272 1941 606 1995 latitudinem,
621 1938 764 2002 quam
785 1937 833 1982 in
854 1937 1164 1985 altitudinem
1183 1955 1263 1986 ex-

274 2010 426 2064 tensas
440 2044 457 2067 ,
473 2004 646 2073 hasque
662 2005 920 2073 postremas
941 2009 965 2055 a
984 2005 1167 2073 duplici
1187 2021 1262 2054 ut-

275 2076 546 2154 plurimum
566 2073 795 2125 column&
820 2079 868 2123 in
887 2078 977 2124 tria
1006 2079 1260 2145 parallelo-

274 2163 544 2224 grammata
573 2144 814 2195 distinstas
831 2183 842 2193 .
872 2146 1075 2196 Istarum
1097 2166 1261 2197 exem-

276 2225 356 2294 pla
377 2218 600 2268 visuntur
624 2219 672 2264 in
692 2214 1013 2283 antiquiffima
1041 2216 1260 2267 fabrica-s

277 2292 426 2363 prop}
444 2285 704 2339 Ecclesiam
723 2288 879 2336 Sancii
903 2289 1125 2356 Stephani
1149 2292 1259 2338 vul·

312 2364 339 2410 ὁ
352 2359 549 2413 Rotundi
561 2395 576 2416 ,
592 2359 642 2408 &
658 2360 705 2405 in
724 2359 967 2407 nonnullis
982 2363 1107 2426 aequ}
1125 2376 1261 2410 vetu-

298 2434 356 2482 iis
372 2431 598 2480 domibus
610 2464 626 2486 ‚
644 2430 691 2476 in
708 2431 902 2498 regione
921 2429 1262 2498 Transtyberi-

279 2522 338 2555 na
357 2501 511 2550 adhuc
526 2498 754 2548 stantibus
771 2536 782 2547 .
816 2504 897 2549 An
914 2499 1030 2549 vero
1058 2519 1160 2551 mos
1180 2500 1261 2552 iste

281 2590 365 2644 per
383 2574 544 2641 priora
560 2569 819 2618 duodecim
844 2569 1006 2618 saecula
1025 2573 1050 2619 a
1070 2572 1261 2622 Christo

280 2656 392 2693 nato
428 2654 662 2710 perpetuo
699 2637 847 2688 fuerit
883 2640 970 2688 usu
1004 2638 1218 2691 servatus
1245 2679 1261 2702 ,

281 2713 426 2761 nullis
455 2708 653 2760 omnino
688 2709 896 2760 edoceor
923 2714 1230 2762 monimentis
1249 2749 1260 2759 .

285 2782 463 2832 Saeculo
483 2794 643 2829 tamen
664 2779 852 2830 decimo
869 2784 1011 2830 tertio
1025 2818 1041 2840 ,
1073 2785 1151 2832 vel
1181 2783 1263 2832 de-

284 2854 412 2902 cimo
443 2863 647 2918 quarto,
676 2849 885 2900 fenestrae
920 2854 1260 2919 privatarum-s

284 2922 461 2973 aedium
487 2919 561 2968 hic
577 2923 746 2970 Romae
770 2921 1090 2988 quadrilatera
1106 2921 1261 2974 forma

285 2989 673 3042 construebantur
696 3026 712 3048 ,
752 2993 780 3039 a
817 3010 953 3042 cruce
992 2996 1262 3045 marmorea

285 3058 623 3133 quadrifariam
649 3060 806 3119 seetae,
841 3060 895 3110 ez‘i
919 3064 1022 3131 lege
1050 3079 1102 3112 ut
1124 3063 1259 3134 supe—

285 3137 433 3185 riores
453 3131 555 3180 duae
572 3129 800 3180 sectiones
823 3132 1061 3198 quadratae
1086 3131 1259 3194 essent,

288 3201 529 3254 inferiores
552 3201 669 3250 vero
688 3215 839 3270 partes
859 3204 1056 3269 aequales
1072 3222 1182 3253 cum
1202 3207 1259 3253 il·

288 3277 345 3324 iis
360 3276 407 3321 in
422 3272 696 3331 latitudine,
709 3271 788 3323 sed
803 3273 964 3341 paulli}
980 3276 1029 3322 in
1046 3275 1260 3326 altitudi-

684 251 1107 311 VETERA
1180 237 1878 305 MONIMENTA

1305 342 1417 373 nem
1437 326 1762 391 produstiores
1777 361 1787 372 .
1823 324 2057 392 Exemplo
2080 321 2167 373 effe
2185 320 2287 392 pos·

1306 391 1414 441 sunt
1435 395 1671 443 Palatium
1687 398 1982 446 Vaticanum
2002 396 2254 460 antiquum
2268 432 2287 454 ,

1305 466 1541 514 Palatium
1561 469 1605 514 S.
1619 469 1804 524 Marci,
1834 466 2070 513 Palatium
2103 468 2290 533 Capra-

1305 535 1517 593 nicense,
1545 538 1733 603 aliaque
1765 535 1917 584 tribus
1936 534 1993 584 ab
2016 537 2124 584 hinc
2146 535 2289 585 issaecu-

1307 608 1393 664 lis,
1416 607 1467 656 &
1491 607 1613 654 ultra
1639 609 1688 654 in
1706 605 1845 660 Urbe
1867 608 2073 655 excitata
2092 642 2103 654 .

1380 677 1479 725 111ae
1498 676 1694 725 demum
1720 676 1930 726 fenestrae
1950 712 1966 734 ,
2004 695 2104 744 quae
2138 677 2185 724 in
2206 695 2288 725 an-

1308 748 1480 813 tiquis,
1514 765 1566 795 ac
1585 745 1849 816 magnificis
1878 750 2067 814 templis
2090 765 2290 796 cernun-

1310 832 1387 866 tur
1402 832 1601 866 arcuata>
1615 855 1631 876 ,
1644 820 1694 868 &
1715 816 1853 866 unica
1868 853 1883 875 ,
1912 820 1989 866 vel
2008 817 2191 867 duabus
2209 837 2291 867 co-

1309 889 1485 937 lumnis
1515 885 1732 937 bifariam
1757 888 1889 937 seciae
1905 925 1921 946 ,
1963 901 2015 935 ut
2042 889 2089 934 in
2110 887 2291 937 exhibi-

1308 974 1355 1008 ta
1385 959 1725 1027 orthographia
1742 958 1946 1007 Basilicae
1965 961 2009 1006 S.
2031 960 2200 1008 Crucis
2215 960 2294 1006 vi-

1310 1031 1420 1080 dere
1447 1030 1543 1087 est,
1568 1043 1652 1077 aut
1681 1025 1913 1078 trifariam
1942 1028 2136 1086 divisae,
2173 1044 2225 1076 ut
2247 1047 2295 1076 in

1312 1103 1467 1151 veteri
1485 1098 1680 1149 Basilica
1698 1101 1933 1149 Vaticana
1950 1098 2147 1148 aderant
2163 1122 2178 1160 3
2201 1118 2295 1148 non

1311 1172 1578 1222 Monachos
1595 1168 1690 1227 ibi,
1711 1168 1791 1219 sed
1809 1172 2026 1218 Clericos
2043 1172 2296 1219 Saeculares

1314 1243 1494 1292 divinis
1531 1238 1718 1291 Officiis
1753 1259 1953 1310 operam
1989 1235 2174 1289 navasse
2211 1240 2295 1290 de-

1315 1314 1584 1363 monstrant
1601 1349 1612 1359 .

1542 1433 1919 1487 CAPUT
2004 1438 2070 1485 X.

1317 1543 1389 1593 De
1407 1541 1691 1613 Mustvorum
1710 1555 1876 1604 operum
1890 1546 2058 1609 origine
2070 1575 2086 1598 ,
2108 1545 2297 1590 nomini-

1582 1611 1658 1659 bus
1672 1647 1688 1668 ,
1721 1612 2004 1680 &speciebus
2026 1648 2036 1656 .

1492 1735 1526 1781 P
1544 1751 1564 1782 Ε
1579 1750 1603 1781 R
1619 1750 1654 1781 U
1672 1751 1702 1781 M
1728 1730 2040 1781 Musivorum
2068 1727 2304 1796 originem

1516 1799 1887 1865 antiquissimam
1915 1799 2004 1850 effe
2023 1836 2038 1858 ,
2067 1801 2116 1850 &
2142 1798 2301 1845 nomi-

1316 1889 1434 1920 ·num
1448 1909 1465 1930 ‚
1486 1889 1537 1918 ac
1558 1870 1838 1919 saeculorum
1861 1873 2149 1915 memoriam
2169 1885 2307 1913 exce-

1317 1940 1457 1995 dere,
1489 1935 1767 1999 neutiquam
1793 1933 2088 1984 inficiabitur
2111 1937 2190 2001 qui
2221 1935 2303 1982 vel

1316 2008 1547 2078 supremis
1573 2018 1813 2072 utcunque
1836 2005 1977 2053 labris
2006 2006 2301 2053 literarium

1317 2084 1566 2130 Sacrarum
1590 2078 1885 2125 monimenta
1908 2073 2151 2124 libaverit.
2173 2078 2304 2122 Nam

1317 2154 1366 2199 in
1385 2150 1548 2198 Esther
1566 2165 1666 2214 cap.
1689 2165 1706 2193 1
1720 2168 1763 2195 o.
1784 2148 2020 2216 legimus,
2043 2143 2301 2194 Assuerum

1315 2219 1563 2270 Persarum
1580 2222 1765 2286 Regem
1783 2220 2096 2287 smaragdino
2111 2253 2127 2275 ,
2145 2237 2198 2265 ac
2216 2218 2302 2264 Pa-

1315 2294 1387 2340 rio
1404 2290 1565 2360 lapide
1584 2290 1920 2357 pavimentum
1939 2284 2302 2355 stravisse,quod

1315 2364 1491 2431 lapillis
1522 2357 1889 2409 versicoloribus
1922 2374 2023 2409 arte
2057 2358 2181 2405 mira
2207 2354 2303 2406 dis-

1315 2431 1475 2503 positis
1498 2426 1882 2497 compositisque,
1901 2430 2140 2497 pi&uram
2157 2445 2302 2475 aemu-

1315 2505 1525 2554 labatur.
1559 2498 1894 2568 Qainobrem
1921 2499 2058 2549 facil&
2084 2498 2303 2547 credide-

1316 2579 1408 2623 rim
1423 2611 1438 2632 ,
1472 2570 1649 2640 opificii
1671 2583 1769 2617 tam
1790 2573 2017 2642 elegantis
2036 2568 2303 2637 primordia

1316 2644 1493 2695 Persidi
1534 2660 1619 2689 nos
1651 2639 1822 2691 debere
1839 2679 1856 2700 ,
1893 2661 1993 2710 quae
2034 2637 2302 2688 istiusmodi

1316 2718 1594 2784 lapillorum
1621 2713 1763 2778 quam
1787 2710 2069 2762 feraciffima
2096 2707 2190 2757 fuit
2209 2745 2225 2766 ,
2249 2710 2302 2759 &

1316 2787 1584 2835 incolarum
1608 2783 1795 2852 ingenia
1817 2783 1875 2831 ad
1892 2778 2213 2849 exquisitioris
2231 2779 2304 2827 lu-

1315 2857 1399 2906 xus
1415 2858 1714 2903 irritamenta
1730 2851 1917 2919 semper
1936 2851 2160 2900 instruxit
2174 2888 2183 2897 .
2204 2854 2304 2899 Ve«

1315 2926 1421 2975 rfim
1439 2931 1462 2975 ὲ
1483 2925 1729 2975 Persarum
1758 2921 1964 2972 confinio
1992 2922 2052 2971 ad
2074 2916 2299 2989 Assyrios

1316 2997 1575 3053 finitimos,
1612 2995 1661 3044 &
1691 3010 1748 3041 ex
1772 2993 1842 3042 his
1874 2994 1935 3043 ad
1965 2996 2182 3050 Graecos,
2211 3008 2298 3058 po·

1313 3067 1485 3116 stremo
1513 3084 1560 3112 in
1591 3065 1784 3110 Latium
1817 3066 1965 3132 Syllae
1998 3060 2297 3130 temporibus

1314 3140 1392 3194 (ut
1409 3138 1584 3184 Plinius
1603 3134 1767 3182 austoi·
1783 3134 1872 3198 est)
1886 3135 1986 3204 jugi
2007 3134 2191 3183 decoris
2217 3131 2292 3178 in·

1314 3219 1556 3255 cremento
1574 3205 1849 3254 traduetum
1875 3205 1941 3253 est
1958 3241 1969 3252 .
2008 3208 2298 3261 Bonarum-sss

1317 3276 1495 3327 scilicet
1523 3276 1698 3325 artium
1723 3276 2032 3345 propagines,
2058 3288 2112 3324 ut
2134 3274 2194 3323 de
2213 3273 2294 3388 gi-

2173 3356 2209 3390 ti
2246 3356 2299 3388 us
