2425 3747
263 233 290 277 '1
304 237 370 279 26

257 301 495 350 Succurrit
525 297 655 349 illico
686 298 806 345 illud
839 292 1229 363 Apocalypseos,

255 369 557 439 ubiJoannes
584 369 823 438 Angelum
849 365 1002 423 vidit,
1034 365 1115 430 qui
1145 380 1227 409 au-

255 457 386 490 ream
412 438 687 486 arundinem
711 432 929 502 gerebat:
956 436 1019 481 ait
1059 435 1229 483 enim„,

256 528 391 579 cap.2
406 527 423 555 1
436 544 445 553 .
461 525 590 554 num.
612 526 629 554 1
643 520 687 565 5.
716 504 775 554 Et
797 508 868 571 qui
890 503 1131 572 loquebatur
1149 523 1232 552 me·

255 600 346 630 cum
374 614 389 636 ,
410 576 587 626 habebat
608 575 842 641 mensuram
864 577 1142 624 arundineam
1162 592 1233 623 au·

254 669 368 701 ream
381 684 397 705 ,
423 661 484 695 ‘vt
498 650 720 695 metiretur
739 649 998 702 civitatem,
1018 650 1073 695 (Τ
1085 661 1232 712 portas

252 726 338 788 ejus
360 755 370 764 .
437 717 543 764 uare
556 716 674 762 nihil
692 712 1099 765 haefitaviasserere
1114 734 1229 785 prae-

252 790 409 837 dieios
431 786 642 853 Angelos
659 802 768 833 cum
795 782 1128 844 arundinibus,
1157 787 1228 833 uti

252 859 368 908 alios
393 856 710 923 quolcumque
744 871 854 902 cum
887 852 1064 903 baculis
1095 892 1111 914 ,
1148 868 1231 903 aut

259 928 404 995 virgis
437 962 454 984 ,
483 926 606 972 hunc
634 924 786 993 ipsum
813 922 870 971 ab
895 925 1232 993 Euangelista..

249 1002 434 1068 joanne
448 993 735 1062 descriptum
756 994 1098 1062 representare3
1119 1013 1230 1065 prae-

253 1068 418 1116 sertim
431 1063 540 1113 cum
554 1078 735 1113 veteres
747 1064 923 1117 Chr-isti
935 1063 1119 1114 Fideles
1135 1084 1233 1113 orn-

254 1156 363 1187 nem
383 1135 527 1184 animi
545 1152 707 1182 curam
726 1170 741 1191 ,
759 1153 810 1182 ac
823 1134 1029 1183 studium
1049 1136 1228 1203 impen-

255 1208 448 1264 derent,
481 1218 533 1252 ut
565 1201 919 1272 profundiffima
945 1208 1227 1273 Apocalyp*

253 1276 352 1327 seos
378 1271 625 1342 my'steria,
645 1273 798 1341 quoad
812 1272 911 1322 fieri
928 1274 1226 1325 commodius

254 1343 403 1417 poffet
438 1381 454 1403 ,
487 1342 673 1412 public&
710 1341 955 1411 spectanda
995 1363 1226 1413 propone-

253 1431 361 1468 rent
375 1452 390 1473 ,
408 1417 478 1463 uti
499 1411 659 1482 paflim
675 1416 720 1460 in
734 1416 905 1482 Operis
919 1418 1015 1464 mei
1032 1413 1231 1465 decursu

253 1487 442 1538 sedulus
456 1485 624 1535 Lestor
641 1483 860 1534 advertet
878 1524 888 1533 .

324 1558 488 1606 Aliam
518 1552 705 1622 insuper
725 1556 866 1607 valde
895 1553 1145 1606 consonam
1167 1558 1233 1604 in-

254 1626 645 1694 terpretationem
684 1621 857 1673 sufficit
888 1624 1021 1675 nobis
1047 1627 1231 1693 Pachy-

253 1713 405 1745 meras
434 1697 481 1740 in
504 1691 770 1758 Paraphrafi
789 1693 848 1741 ad
869 1697 913 1740 S.
939 1694 1232 1761 Dionyfium

253 1768 444 1832 Areopa
450 1763 601 1832 gitam
619 1762 688 1812 De
698 1763 863 1813 Caeleff.
896 1763 1123 1813 Hierarch.
1146 1766 1233 1812 iri„

256 1832 484 1884 Biblioth.
501 1832 585 1880 ΡΡ.
603 1846 772 1879 tom-2.
791 1839 1016 1902 pag.187.
1032 1842 1136 1896 ως.
1151 1833 1231 1882 ubi

256 1906 412 1970 inquit
427 1940 444 1963 ,
458 1907 617 1970 Virgas
629 1901 891 1970 Angelorum
905 1905 1123 1973 defignare
1139 1906 1229 1954 Re-

252 1980 405 2044 giam,
429 1973 702 2023 &Ducalem
731 1973 1015 2043 dignitatem,
1048 1975 1229 2024 reflam-

253 2065 333 2114 que
358 2062 495 2093 rerum
519 2043 779 2092 divinarum
798 2044 1130 2094 ordinacionem:
1151 2046 1232 2094 ha·-

255 2116 351 2165 Has
372 2118 392 2170 (
415 2112 449 2161 fi
477 2110 619 2160 hastas
642 2130 813 2163 vocare
842 2115 1021 2178 liceat)
1045 2117 1236 2183 &secu-

255 2205 353 2240 res‚
388 2189 491 2234 “vim
518 2182 743 2248 diffimilia
776 2186 1040 2242 diuidendi,
1073 2191 1230 2236 virtu-

257 2273 425 2321 tumque
466 2254 702 2320 discernere
746 2259 994 2306 ‘valentium
1027 2273 1197 2304 acumen
1215 2292 1231 2314 ‚

256 2328 312 2374 &⁶
353 2323 659 2381 aHivitatem,
709 2342 831 2393 atque
875 2325 1201 2395 efficacitatenas
1221 2362 1232 2373 .

257 2393 445 2460 Qibus
489 2412 576 2462 ego
622 2394 728 2443 satis
769 2394 1005 2464 persuasus
1045 2397 1239 2445 tandem

265 2464 489 2530 acquievi
513 2499 523 2510 .
562 2465 609 2511 Si
647 2463 763 2512 vero
799 2466 998 2515 meliora
1034 2467 1135 2532 quis
1159 2466 1238 2514 ha-

259 2531 384 2591 beat,
418 2552 580 2600 quaeve
610 2533 888 2601 oportunius
916 2535 1113 2592 cadant,
1131 2554 1237 2603 gra·

258 2601 488 2650 tiliimum
520 2601 622 2653 sane
645 2602 848 2653 facturus
865 2602 1100 2661 exhibeat,
1118 2605 1235 2654 dum

258 2689 342 2719 nos
369 2670 493 2720 hisce
516 2673 575 2722 ad
592 2672 876 2722 umbilicum
902 2674 1145 2732 adductis,
1177 2674 1236 2724 ad

261 2741 371 2799 alia,
393 2759 608 2807 novaque
642 2744 879 2794 tractanda
904 2761 1109 2815 propero
1126 2760 1231 2814 gra-

260 2811 326 2860 du
338 2810 640 2861 concedimus
654 2849 665 2860 .

669 225 1100 281 VETERA
1172 221 1875 276 MONIMENTA

1331 378 1339 401 ⁸
1455 363 1828 418 CAPUT
1903 367 2079 415 XVI.

1282 505 1352 556 De
1372 503 1712 570 Evangeliorum
1741 508 1965 555 volumine
1981 540 1995 562 ‚
2026 508 2081 555 (ν’
2099 521 2254 572 quantu

1352 575 1466 640 apud
1485 576 1657 628 Chrifli
1681 576 1845 625 Fideles
1864 574 2009 644 suerit
2025 574 2184 627 Evan-

1574 648 1685 716 gelii
1707 652 1933 696 veneratio
1949 683 1960 694 .

1425 788 1533 835 VM
1545 784 1809 835 divinitatis
1823 787 2102 853 particulam
2113 803 2255 853 quan-

1457 855 1566 903 dam
1584 858 1605 911 (
1620 871 1674 906 ut
1688 860 1752 906 ita
1773 857 1962 919 dicam)
1991 852 2255 922 impressam

1283 931 1451 978 habeat
1464 926 1705 984 homo,ad
1720 928 1972 996 imaginem
1987 963 2001 985 ‚
2022 942 2074 972 ac
2094 923 2257 972 simili-

1286 1001 1505 1047 tudinem
1520 997 1611 1044 Dei
1628 994 1772 1045 faetus
1785 1033 1800 1054 ,
1818 993 2044 1044 altiffimae
2061 995 2150 1043 suae
2163 996 2257 1042 ori-

1286 1071 1405 1139 ginis
1441 1064 1763 1115 testimonium
1796 1062 2003 1134 proferre
2041 1065 2221 1133 perpeti
2243 1074 2263 1123 ‚‘

1283 1140 1508 1203 virilique
1532 1134 1631 1183 nisu
1653 1138 1926 1191 contendit,
1954 1139 2042 1201 qua
2054 1149 2259 1184 vetera-,

1280 1206 1538 1276 reparando
1554 1242 1569 1262 ,
1582 1209 1670 1272 qua
1690 1205 1891 1255 labentia
1917 1204 2115 1254 sistendo
2130 1242 2146 1263 ‚
2167 1207 2260 1270 qua

1280 1281 1478 1344 denique
1493 1278 1539 1323 in
1556 1275 1654 1324 dies
1671 1295 1813 1334 nova,
1829 1296 1880 1328 ac
1903 1277 2134 1325 miraculo
2154 1292 2264 1344 pro-

1282 1351 1410 1398 xima
1432 1346 1708 1395 meditando
1723 1383 1733 1393 .

1357 1416 1485 1467 Cum
1515 1418 1641 1464 enim
1665 1418 1869 1485 plurima
1893 1413 2012 1465 scitu
2035 1452 2050 1474 ,
2076 1435 2127 1465 ac
2165 1431 2265 1464 me-

1285 1488 1438 1538 moria
1455 1484 1720 1555 digniffima
1734 1489 1780 1534 in
1801 1505 2000 1558 praeceps
2012 1485 2123 1535 ferri
2137 1486 2261 1554 rapi÷

1287 1558 1346 1607 da
1359 1575 1589 1606 annorum
1600 1553 1710 1625 fugi}
1732 1555 1924 1607 vidiffet
1936 1594 1953 1616 ‚
1977 1554 2261 1619 cujusnam-u

1284 1631 1393 1676 artis
1406 1645 1496 1695 ope
1512 1626 1569 1673 ab
1582 1625 1837 1675 oblivionis
1855 1624 2024 1689 injuria
2038 1644 2090 1674 ea
2110 1627 2263 1673 vindi-

1287 1711 1413 1745 caret
1431 1733 1446 1753 ,
1473 1715 1524 1742 ac
1548 1695 1841 1763 posterorum
1870 1697 2069 1743 vtilitati
2097 1693 2265 1743 consu·

1289 1767 1437 1824 leret,
1454 1764 1654 1833 provida
1681 1779 1842 1814 mente
1864 1767 2152 1833 recogitans;
2178 1783 2267 1813 va-

1288 1838 1377 1884 rias
1402 1835 1592 1884 tandem
1632 1837 1944 1883 animantium
1986 1834 2152 1903 figuras
2171 1871 2188 1893 ,
2214 1836 2266 1884 &

1284 1903 1505 1974 symbola
1535 1904 1593 1952 ad
1617 1904 1665 1951 id
1690 1905 1873 1951 invenit
1901 1928 1915 1966 ;
1949 1923 2047 1970 quae
2069 1906 2265 1971 quidem

1284 1978 1380 2023 laus
1400 1974 1645 2022 communi
1683 1971 1777 2022 fer&
1812 1976 2026 2022 omnium
2058 1976 2266 2040 Scriptov

1288 2063 1395 2092 rum
1424 2044 1637 2102 calculo,
1661 2042 1894 2092 industriae
1923 2045 2266 2113 AEgyptiorum

1289 2113 1514 2164 debetur.

1353 2189 1470 2236 Haec
1493 2181 1607 2232 vero
1640 2182 1870 2252 Symbola
1895 2182 2008 2233 cum
2028 2185 2265 2253 grandia-2

1285 2259 1503 2306 virorum
1539 2253 1665 2321 gesta
1704 2254 2038 2302 adumbrarent
2064 2255 2222 2322 potius
2246 2292 2267 2314 ,

1291 2331 1431 2393 quam
1445 2326 1782 2391 exprimerent,
1794 2326 1843 2373 &
1859 2323 2263 2393 multaambigui-

1293 2398 1400 2445 tatis
1415 2396 1612 2462 caligine
1626 2395 1932 2442 involverent
1947 2431 1963 2452 ,
1985 2393 2264 2462 ingeniosa*

1292 2481 1519 2535 nepotum
1535 2480 1644 2510 cura
1665 2465 1821 2512 literas
1833 2465 2123 2533 excogitauit
2134 2499 2150 2521 ‚
2163 2483 2265 2531 quae

1292 2536 1481 2585 insimul
1499 2532 1666 2582 vinstae
1695 2535 1894 2604 integras
1918 2552 2061 2584 voces
2087 2532 2260 2584 forma-

1291 2620 1395 2657 rent
1405 2619 1626 2670 ,quarum
1643 2617 1769 2652 certa
1781 2640 1798 2662 ,
1812 2624 1863 2653 ac
1878 2606 2136 2672 multiplici
2151 2623 2263 2653 con-

1288 2675 1525 2743 Junetione
1536 2669 1716 2722 facilius
1728 2710 1744 2732 ,
1764 2674 2025 2744 clariusque
2037 2677 2265 2744 praecipui

1287 2744 1434 2795 animi
1449 2739 1600 2790 sensus
1617 2744 1927 2794 redderentur
1943 2782 1954 2792 .

1351 2813 1521 2862 Literis
1541 2812 1821 2873 adinventis,
1833 2833 1942 2864 cum
1971 2816 2126 2884 aptior
2143 2833 2264 2882 qua?-

1286 2885 1394 2935 dam
1413 2919 1428 2941 ,
1450 2899 1501 2929 ac
1535 2896 1661 2931 certa
1692 2887 1911 2934 materies
1948 2882 2143 2942 deeffet,
2174 2903 2265 2952 qua

1289 2955 1382 3004 illae
1399 2950 1580 3021 prolixa
1598 2989 1614 3012 ,
1644 2972 1695 3000 ac
1729 2954 1953 3004 duratura
1983 2953 2266 3023 scriptione,

1290 3025 1622 3091 exciperentur
1646 3045 1661 3083 3
1690 3023 1794 3073 saxa
1811 3062 1827 3084 ,
1849 3025 2163 3091 arborumque
2189 3022 2262 3074 fo·

1290 3095 1352 3143 lia
1384 3129 1400 3153 ,
1425 3094 1475 3142 &
1514 3095 1708 3142 cortices
1731 3133 1747 3154 ,
1777 3110 1941 3145 ceratae
1973 3092 2141 3142 tabulae
2171 3130 2187 3152 ,
2211 3113 2266 3143 ac

1291 3161 1540 3232 plumbeae,
1558 3161 1838 3214 membranae
1864 3168 1978 3215 item
2001 3201 2016 3223 ,
2032 3166 2082 3215 &
2102 3166 2189 3212 alia
2215 3164 2265 3214 id

1290 3250 1440 3300 genus
1464 3249 1547 3300 per
1569 3234 1758 3303 longam
1787 3249 2060 3305 temporum
2090 3233 2263 3286 seriem

2215 3322 2264 3352 m
