2425 3747
320 333 381 365 22
731 315 1921 375 VETERA'MONIMENTA

317 388 386 439 rei
406 391 736 459 opportunitas
758 390 934 460 poscit,
962 403 1015 438 ut
1039 402 1293 456 antequam

319 461 517 510 ulterius
559 464 924 529 progrediamur
950 495 966 517 ,
1003 458 1288 527 duplicem-³

314 532 553 598 graduum
575 534 791 579 ordinem
808 529 1001 578 amboni
1020 528 1290 598 appositum

311 598 447 650 fuisse
482 599 853 651 demonstremus
881 635 898 657 ‚
938 602 1003 647 ita
1032 614 1085 648 ut
1111 601 1204 648 una
1232 620 1291 651 ex

316 685 448 737 parte
476 682 660 737 pateret
689 667 927 727 ascensus,
963 689 1021 719 ex
1051 672 1144 718 alia
1172 673 1290 722 vero

312 739 558 789 descensus
587 775 598 784 .
639 739 885 788 Iudicatur
925 759 1027 790 mos
1064 742 1144 790 iste
1173 745 1292 790 anti-

311 827 429 874 quus
446 808 502 856 ab
522 809 777 876 Hittorpio
796 814 843 858 in
867 810 1052 860 Ordine
1070 815 1289 862 Romano

310 882 352 927 I.
369 914 385 935 ,
413 876 475 926 sic
495 880 627 928 enim
644 881 762 928 ritus
781 884 829 929 in
848 883 1100 949 Evangelii
1122 884 1288 932 lectio-

309 965 369 996 ne
400 948 456 996 ab
484 947 584 1017 ipso
618 948 930 999 describitur.
969 953 1145 1003 Deinde
1177 956 1289 1004 Dia-

310 1038 436 1068 conus
465 1022 657 1089 osculans
672 1023 804 1086 pedes
833 1024 1063 1091 Pontificis
1082 1062 1097 1082 ‚
1125 1030 1290 1089 petita-

308 1108 388 1154 que
405 1090 702 1140 benedifiione
722 1129 736 1149 ‚
755 1099 888 1142 ‘venit
905 1110 1004 1142 ante
1021 1097 1181 1145 Altare
1191 1132 1207 1154 ,
1235 1099 1290 1146 (9⁶

308 1160 500 1227 osculans
529 1161 861 1229 Evangelinm,
895 1167 1024 1214 levat
1055 1171 1103 1214 in
1142 1184 1291 1215 manus

297 1230 404 1297 suas
424 1231 620 1281 Codicem
640 1269 656 1289 ,
693 1237 740 1280 in
771 1254 848 1300 qno
881 1235 1064 1284 lec‘i‘urns
1098 1237 1166 1285 εἶτ’
1185 1273 1201 1294 ,
1237 1239 1290 1287 <J

297 1305 468 1364 partem
485 1307 573 1367 ejus
589 1308 636 1349 in
654 1304 828 1352 dextero
844 1305 1012 1353 humero
1022 1322 1185 1373 ponens
1205 1325 1290 1357 ‘va-

307 1370 379 1418 dit
404 1372 462 1419 ad
487 1371 704 1420 ambonem
719 1395 733 1433 3
770 1380 824 1424 (Ὺ
843 1377 1076 1439 procedunt
1095 1394 1194 1425 ante
1220 1382 1286 1443 ip-

294 1443 396 1510 fitm
414 1443 492 1490 duo
510 1443 542 1491 S
546 1442 774 1492 abdiaconi
798 1464 888 1493 cum
908 1446 1065 1496 duobus
1092 1448 1288 1497 thuribu-

306 1514 368 1562 lis
393 1547 408 1567 ,
430 1512 540 1580 sive
571 1533 680 1570 nno,
714 1518 915 1564 levantes
955 1516 1285 1584 Thymiamate-

305 1586 422 1630 rium
437 1583 488 1630 de
505 1600 632 1632 manu
647 1585 680 1633 S
682 1586 910 1636 abdiaconi
915 1589 1139 1655 sequentis
1151 1625 1166 1645 ,
1185 1594 1287 1637 mit-

305 1668 443 1700 tentes
460 1657 584 1701 incen
607 1674 676 1702 um
691 1690 707 1711 ‚
735 1659 789 1705 (9²
806 1658 886 1705 duo
913 1658 1092 1724 Acolyti
1109 1673 1288 1723 portan-

304 1737 369 1770 tes
394 1722 474 1768 duo
501 1726 749 1773 Cereonata
773 1732 1005 1775 ‘venientes
1024 1743 1123 1777 ante
1143 1729 1286 1776 ambo-

305 1809 398 1837 nem
419 1791 688 1840 dividuntur
707 1799 733 1842 a
742 1796 795 1860 se
810 1829 826 1850 ,
864 1800 918 1842 &-
937 1799 1160 1861 transeunt
1175 1798 1284 1847 Sub-

304 1861 477 1908 diaconi
488 1896 502 1917 ,
520 1864 573 1910 &⁴
593 1862 812 1911 Diaconos
835 1883 925 1913 cum
946 1864 1193 1934 Evangelio
1204 1882 1284 1932 per

308 1930 494 1978 medium
526 1950 664 1979 eorum
694 1966 704 1975 .
743 1932 1007 1981 Subdiaconi
1035 1952 1173 1983 antem
1204 1938 1283 1984 dno

304 2017 396 2047 cnm
422 2000 656 2049 thuribulis
668 2017 766 2049 ante
789 2002 1087 2072 Evangelium
1114 2010 1162 2052 in
1192 2023 1282 2052 am-

302 2068 452 2117 bonem
475 2090 529 2118 ex
556 2087 640 2119 una
662 2085 787 2135 parte
803 2075 1074 2140 ascendentes
1093 2110 1108 2131 ‚
1146 2078 1201 2124 Θ*
1229 2095 1284 2124 ex

305 2142 442 2188 altera
445 2153 572 2204 parte
590 2141 745 2190 ffatim
766 2143 1060 2211 descendentes
1074 2180 1089 2201 ‚
1106 2146 1283 2194 redeunt

305 2211 426 2258 flare
451 2227 549 2257 ante
569 2212 753 2278 gradum
767 2213 1046 2281 descensionis
1063 2216 1254 2264 ambonis
1271 2253 1282 2263 .

305 2278 390 2328 Ille
419 2296 556 2327 antem
591 2280 741 2349 absque
776 2283 1143 2350 Thymiamaterio
1175 2307 1280 2337 ‘ver-

304 2366 400 2398 tens
412 2351 464 2415 se
485 2351 544 2398 ad
570 2350 812 2400 Diaconum
840 2389 855 2409 ,
883 2360 1082 2421 porrigit
1114 2364 1154 2406 ei
1185 2358 1281 2406 bra-

304 2421 444 2467 chium
468 2422 595 2488 fitam
618 2422 861 2488 stniffrnm
895 2461 911 2482 ,
966 2431 1015 2474 in
1053 2446 1128 2494 quo
1156 2434 1285 2493 ponit

307 2488 634 2556 Evangelium,
671 2509 719 2540 ut
742 2510 867 2542 manu
896 2496 1161 2548 Subdiaconi
1186 2514 1283 2565 ape-

305 2563 445 2608 riatur
475 2564 515 2608 ei
533 2562 674 2617 locus,
711 2566 760 2608 in
779 2584 855 2630 quo
874 2565 1054 2633 signnm
1085 2569 1284 2617 leHionis

297 2629 661 2698 pffiunzfiierit5
676 2636 940 2701 inventoque
957 2639 1041 2684 loco
1057 2638 1255 2687 [ebizonis
1268 2674 1283 2695 ,

305 2701 496 2765 ascendit
527 2704 575 2747 in
596 2701 811 2751 ambonem
837 2709 885 2752 in
900 2707 1161 2774 sitperiorem
1184 2727 1283 2777 gra-

305 2770 432 2825 dnm,
461 2774 515 2818 Φ
543 2772 654 2820 dicit
691 2773 905 2823 Dominus
943 2776 1164 2844 ‘vobiscum
1190 2783 1279 2828 &a

306 2837 533 2887 Notanda
550 2838 656 2888 sunt
672 2842 817 2891 verba
839 2850 888 2894 in
895 2847 1159 2913 superiorem
1171 2867 1277 2916 gra-

302 2908 403 2955 dum
416 2943 431 2965 ‚
447 2926 587 2973 quem
607 2928 749 2961 nemo
766 2911 1047 2964 ascendebat
1061 2914 1148 2964 nifi
1164 2921 1277 2965 Dia-

302 2995 446 3024 conus
461 3013 476 3034 ‚
513 2992 567 3025 ut
591 2980 750 3028 innuit
780 2983 910 3032 idem
933 2987 1069 3035 Ordo
1092 2990 1273 3035 Roma-

302 3065 390 3095 nus
409 3048 502 3095 alio
519 3048 625 3097 loco
639 3086 655 3106 ,
672 3051 905 3102 videlicet
923 3075 934 3101 :
957 3057 1246 3106 Subdiaconus
1260 3096 1276 3117 ,

303 3123 378 3184 qui
392 3117 576 3167 leHurus
591 3121 675 3177 efl,
691 3140 790 3169 mox
805 3140 854 3170 ut
867 3125 1150 3192 videritpos‘i
1162 3129 1276 3178 Pon-

302 3191 464 3256 tificem
492 3188 766 3256 Presbyteros
791 3193 1019 3259 restdentes
1034 3231 1049 3252 ,
1086 3200 1278 3267 ascendit

301 3262 350 3305 in
364 3257 605 3316 ambonem,
632 3276 680 3308 ut
707 3264 849 3329 legat:
877 3282 963 3312 non
984 3284 1125 3316 tamen
1139 3272 1187 3315 in
1197 3271 1275 3338 su-

292 3331 501 3397 perierem
515 3331 698 3399 gradum
711 3367 726 3390 ‚
744 3337 993 3404 quemsblus
1001 3339 1117 3407 fhlet
1132 3341 1275 3413 ascen-

1344 393 1442 441 dere
1459 396 1532 460 qni
1550 393 1847 463 Evangelium
1866 389 2055 442 leelurus*
2068 391 2139 442 ef?
2149 429 2159 439 .
2179 394 2315 442 Mar-

1345 479 1565 510 moreum
1586 463 1724 511 istum
1749 462 1955 532 gradum
1977 461 2198 512 omnibus'
2226 466 2312 511 im,

1345 531 1624 580 ambonibus
1661 532 1916 582 observavi
1957 531 2222 599 separatum
2257 533 2317 582 ab

1345 604 1446 651 aliis
1464 637 1479 659 ,
1504 601 1660 670 estque
1689 604 1738 650 in
1753 602 1960 653 Periboli
1975 639 1992 660 ,
2017 599 2115 651 five
2134 603 2315 671 Pulpiti

1348 669 1537 722 ascensu
1551 709 1562 719 .

1416 744 1595 793 Pariter
1620 742 1695 791 hic
1723 742 1870 792 verba
1892 744 2003 804 illa,
2033 748 2081 793 in
2097 745 2315 795 eodem-2

1343 813 1530 864 Ordine
1545 810 1605 861 sic
1620 809 1824 881 expressa
1841 849 1856 870 ‚
1868 816 2098 881 perpendi
2115 812 2317 883 possunt:

1336 886 1378 934 S
1380 884 1606 933 ubdiaconi
1623 901 1760 933 autem
1780 885 1859 933 duo
1883 903 1974 932 cum
1993 886 2227 935 thuribulis
2245 902 2320 934 an·-

1346 973 1388 1004 te
1407 955 1702 1024 Evangelium
1728 961 1776 1004 in
1793 955 2008 1004 ambonem
2027 975 2082 1004 ex
2101 972 2185 1004 una
2192 971 2318 1020 parte

1347 1027 1615 1096 ascendentes
1633 1061 1649 1082 ,
1688 1030 1743 1076 (Ὺ
1762 1046 1816 1074 ex
1831 1028 1964 1075 altera
1975 1040 2100 1092 parte
2125 1027 2318 1077 {latim-2

1346 1097 1640 1166 deseendentes
1656 1131 1671 1153 ,
1706 1096 1883 1144 redeunt
1909 1098 2030 1147 stare
2048 1103 2145 1145 Ante
2157 1097 2320 1166 gradus

1345 1168 1621 1237 descenstonis
1657 1166 1850 1224 ambonis
1878 1203 1888 1213 .
1932 1167 2220 1215 Audiendus
2255 1164 2320 1214 est

1343 1240 1596 1288 Durandus
1612 1274 1627 1295 ,
1643 1240 1723 1303 qui
1742 1235 1875 1300 lib.4.
1906 1255 2006 1303 cap.
2032 1255 2106 1299 14.
2139 1255 2319 1284 nu.-1o.

1341 1309 1403 1358 fic
1421 1311 1514 1357 ait:
1552 1308 1605 1359 In
1624 1308 1807 1376 Ecclefia
1824 1309 2020 1357 Romana
2037 1342 2053 1364 ,
2085 1309 2140 1356 (7’
2156 1312 2205 1355 in
2223 1311 2318 1373 qui-

1340 1380 1514 1449 busdam
1549 1382 1687 1436 aliis,
1725 1378 2017 1428 Subdiaconus
2042 1392 2121 1443 per
2155 1386 2322 1426 unnim,¹

1342 1457 1498 1508 viam,
1528 1455 1581 1500 Θ·
1599 1450 1817 1500 Diaconus
1836 1464 1917 1516 per
1935 1451 2066 1497 aliam
2096 1453 2145 1496 in
2167 1450 2317 1514 pulpi-

1338 1539 1428 1571 tum
1445 1521 1636 1590 ascendit
1652 1556 1662 1566 .
1694 1521 1815 1586 Qiae
1845 1534 2007 1568 autem
2023 1517 2202 1566 fuerint
2224 1516 2318 1565 istae

1340 1594 1448 1649 viae,
1465 1610 1559 1640 non
1578 1591 1880 1657 exprimitur.
1900 1591 2020 1637 Puto
2038 1590 2184 1656 igitur
2202 1589 2318 1634 Dia-

1339 1679 1516 1710 conum
1544 1679 1627 1727 per
1650 1660 1852 1727 gradus,
1885 1660 2053 1725 nempe
2080 1676 2164 1725 per
2180 1662 2218 1706 Ι.
2246 1662 2316 1722 ja-

1339 1748 1484 1778 nuam
1512 1727 1727 1776 Eccleliae
1743 1763 1759 1785 ,
1781 1730 1830 1778 &
1852 1728 2208 1776 Subdiaconum
2234 1745 2318 1794 per

1338 1802 1444 1847 illos
1476 1836 1490 1857 ,
1525 1799 1754 1846 videlicet
1789 1817 1869 1866 per
1898 1801 1965 1847 H.
1997 1800 2143 1846 altare
2173 1796 2318 1864 respi-

1338 1872 1511 1918 cientes
1529 1864 1797 1917 ascendisse:
1828 1881 2020 1916 econtra
2049 1870 2096 1915 in
2127 1865 2318 1917 descen-

1337 1937 1389 1986 su
1419 1936 1793 1996 observabatur3
1822 1955 1931 1984 nam
1958 1955 2043 2004 per
2077 1938 2180 1985 illos
2205 1955 2314 2005 gra-

1337 2008 1452 2066 dus,
1481 2025 1561 2075 per
1593 2024 1707 2073 quos
1736 2006 2061 2055 Subdiaconus
2088 2006 2314 2055 ascende-

1338 2092 1438 2136 rat,
1466 2080 1704 2126 Diaconus
1720 2074 2063 2133 descendebat,
2090 2075 2146 2125 eo
2164 2079 2314 2143 quiad

1338 2148 1534 2198 brevior
1554 2146 1734 2196 reditus
1759 2159 1859 2194 erat
1884 2146 1943 2194 ad
1960 2146 2141 2205 altare3
2169 2149 2312 2212 quar&

1336 2218 1486 2268 verba
1506 2219 1587 2266 illa
1603 2219 1636 2267 S
1638 2216 1865 2266 ubdiaconi
1882 2217 2062 2265 redeunt
2076 2217 2195 2266 §lare
2213 2234 2312 2265 ante

1330 2290 1490 2360 gradus
1504 2288 1799 2357 descenstonis‚
1813 2285 1873 2335 fic
1890 2286 2201 2353 intelligenda
2217 2289 2315 2336 exi-

1335 2361 1473 2408 stimo
1489 2395 1504 2416 ,
1524 2358 1652 2425 quod
1668 2356 1955 2405 Subdiaconi
1973 2354 2190 2403 sistebant
2203 2370 2312 2406 ante

1336 2430 1506 2499 gradus
1535 2424 1842 2476 descensionis
1867 2427 2067 2473 Diaconi
2090 2462 2107 2483 ,
2136 2444 2310 2494 nempe

1337 2503 1385 2548 in
1406 2502 1473 2549 H.
1493 2497 1584 2546 Sed
1601 2496 1724 2544 unde
1741 2497 1972 2562 coepimus
1987 2531 2004 2552 ‚
2031 2496 2279 2545 redeamus
2295 2533 2305 2544 .

1407 2572 1456 2617 P.
1496 2568 1736 2618 Columna
1756 2584 2021 2615 marmorea
2050 2585 2136 2634 pro
2153 2570 2307 2617 Cereo

1336 2637 1541 2688 Paschali
1560 2674 1570 2683 .

1406 2711 1476 2773 Q
1496 2704 1658 2755 Ambo
1676 2723 1966 2757 marmoreus
1983 2743 1998 2765 ,
2015 2709 2061 2754 in
2078 2724 2170 2771 quo
2189 2708 2305 2755 Dia-

1336 2796 1477 2827 conus
1493 2779 1611 2845 legit
1626 2778 1946 2847 Evangelium
1965 2778 2098 2827 versa
2111 2774 2228 2826 facie
2246 2776 2306 2825 ad

1335 2849 1629 2914 Aquilonem
1646 2883 1656 2892 .

1396 2920 1567 2985 Figura
1586 2919 1766 2986 5.Septi
1789 2921 2059 2975 marmorei,
2079 2920 2126 2965 in
2146 2917 2306 2985 praefa-

1330 3003 1377 3037 ta
1394 2990 1492 3056 Fig.
1514 3004 1557 3046 3.
1576 2987 1801 3054 expreffi,
1821 2987 1992 3038 faciem
2014 2991 2303 3037 exteriorem

1330 3058 1646 3115 demonstrat,
1674 3057 1754 3107 ubi
1784 3061 1855 3107 lit.
1875 3064 1935 3107 R.
1958 3058 2136 3106 indicat
2158 3059 2300 3106 aliam

1328 3128 1541 3178 ambonis
1552 3125 1724 3177 faciem
1738 3166 1754 3188 ,
1770 3131 1817 3176 in
1833 3148 1923 3197 qua
1939 3128 2110 3178 Lector
2127 3128 2184 3177 ad
2197 3133 2300 3177 Aua

1329 3199 1475 3248 strum
1496 3198 1540 3249 se
1560 3203 1801 3248 convertit
1817 3236 1828 3246 .

1413 3272 1456 3318 S.
1505 3268 1582 3318 Est
1610 3272 1729 3321 item
1757 3271 1983 3321 columna
2016 3287 2102 3339 pro
2138 3272 2294 3318 Cerco

1330 3339 1536 3391 Paschali
1555 3375 1565 3386 .

2076 3407 2137 3457 T.
2154 3407 2296 3455 Alius
