2425 3747
286 257 315 292 ⁵1
330 258 352 302 3
364 264 389 293 0

283 306 412 379 cisun
432 313 721 373 einterjec‘tis
743 308 901 358 subdit
919 331 929 358 :
948 309 1265 377 Deindefitsci-

274 388 407 451 piant
425 383 614 436 Diaconi
625 382 962 450 suprascriptum
982 384 1265 446 portatorium

283 474 376 504 cum
392 454 638 521 Evangelio
656 486 671 508 ,
698 450 940 516 bajulantes
973 469 1064 499 cum
1095 456 1266 518 ingenti

283 526 550 574 exultatione
572 528 733 589 jugum
763 522 939 589 suave,
968 526 1022 572 &²
1046 541 1148 569 onus
1173 527 1263 586 ejus

284 598 387 648 leve
405 629 417 639 .

356 664 567 726 Qintus
585 661 703 719 vero
727 659 916 711 libellus
941 659 1150 725 ejusdem
1164 665 1261 712 Or-

282 733 424 788 dinis,
455 731 538 792 ubi
569 743 790 786 narratur
817 731 1063 799 quomodo
1085 733 1264 782 Cathe-

283 803 474 852 cumeni
506 798 767 850 instruendi
793 801 937 852 effent
955 839 972 860 ,
1003 802 1061 851 de
1080 803 1265 857 Austo-

282 870 413 925 ribus
429 908 450 934 ,ι
480 874 531 923 ὅ(
562 871 711 922 initiis
742 886 948 939 quatuor
980 874 1268 940 Evangelio-

283 960 393 991 1‘um
413 944 506 992 &c.
528 943 676 990 ritum
706 946 848 1008 quam
879 942 1089 999 maxime
1121 961 1269 992 vene·

283 1013 488 1062 randum
517 1030 600 1061 nos
626 1011 770 1061 docet
790 1049 802 1059 .
838 1013 995 1071 Finita
1033 1013 1262 1069 Lectione

283 1083 344 1131 ad
376 1079 669 1143 Colossenses
700 1101 801 1151 cap.
810 1098 854 1141 3.
897 1083 1099 1141 Fratres:
1131 1099 1259 1151 expo-

283 1156 441 1205 liantes
460 1162 551 1204 wc.
574 1152 897 1220 procedebant
921 1166 1123 1222 quatuor
1147 1157 1261 1202 Dia·

285 1226 395 1274 coni
445 1223 504 1273 de
544 1226 793 1282 Sacrario,
838 1221 1010 1292 singuli
1044 1220 1265 1292 singula...

284 1295 662 1362 Evangeliorum
680 1295 938 1342 volumina
970 1289 1234 1354 deferentes
1252 1332 1263 1343 .

286 1368 396 1416 Hos
427 1361 759 1433 praecedebant
777 1365 979 1431 Acolyti
1014 1382 1124 1412 cum
1145 1366 1266 1424 duo-

287 1433 372 1483 bus
402 1434 712 1493 candelabris,
733 1433 998 1492 thuribulo,
1027 1436 1076 1493 &
1094 1438 1233 1491 thure
1254 1472 1264 1482 .

286 1502 454 1553 Positis
475 1504 647 1554 deinde
668 1506 714 1551 in
729 1502 917 1573 fingulis
934 1519 1138 1571 quatuor
1152 1510 1261 1555 Arae

288 1576 471 1645 angulis
505 1573 852 1631 voluminibus,
880 1574 1136 1642 Presbyter
1165 1580 1261 1627 Ca-

287 1646 586 1694 thecumenis
626 1644 930 1711 exponebat,
956 1645 1073 1709 quid
1103 1648 1263 1703 Evan-

287 1715 500 1782 gelium‚
529 1731 581 1761 ac
609 1715 739 1759 unde
772 1723 965 1768 ortum,
990 1713 1040 1761 &
1061 1719 1193 1775 cujus
1218 1716 1265 1760 in

288 1804 348 1835 eo
382 1781 528 1833 verba
559 1782 1033 1850 ponantur,&quar3
1059 1797 1268 1849 quatuor

287 1853 381 1906 sint
418 1853 499 1920 qui
529 1871 581 1902 ea
612 1848 929 1920 scripserunt,
957 1853 1037 1900 vel
1065 1855 1148 1919 qui
1176 1851 1267 1901 sint

290 1923 378 1995 ipsi
416 1937 651 1990 quatuor,
675 1924 756 1989 qui
785 1923 954 1969 divino
976 1923 1157 1989 Spiritu
1188 1942 1269 1970 an-

292 1995 548 2045 nunciante
573 1995 599 2041 ὲ
625 1992 859 2060 Propheta
894 1988 1063 2059 signati
1100 1989 1233 2040 sunt.

364 2063 526 2112 Postea
556 2064 737 2131 primus
773 2063 1015 2110 Diaconus
1044 2060 1101 2109 ab
1132 2064 1272 2112 Alta-

294 2138 356 2185 ris
392 2135 545 2202 primo
577 2129 760 2181 sinistro
779 2131 954 2200 angulo
984 2131 1163 2181 librum
1194 2153 1270 2181 ac-

294 2204 501 2273 cipiens,
519 2200 894 2271 praecedentibus
911 2201 1098 2250 duobus
1121 2207 1270 2253 Cero-

292 2273 507 2330 ferariis,
546 2290 598 2318 ac
639 2268 1012 2329 Thuriferariis,
1054 2270 1272 2323 ascende-

293 2346 375 2395 bat
405 2357 460 2393 ut
478 2345 657 2411 legeret
673 2343 990 2411 Evangelii-im
1013 2339 1273 2392 secundum

293 2415 582 2466 Matthaeum
599 2450 614 2472 ,
639 2419 770 2477 cujus
797 2413 991 2461 initium
1023 2413 1114 2463 est:
1139 2414 1273 2465 Liber

295 2487 596 2537 Generationis
616 2494 707 2535 (Tc.
749 2501 842 2549 quo
874 2480 1040 2541 finito,
1071 2485 1270 2534 Subdia-

296 2574 440 2605 conus
475 2557 627 2605 linteo
669 2552 848 2602 librum
877 2555 1149 2621 excipiens,
1180 2557 1268 2604 in„

297 2628 564 2674 Sacrarium
582 2621 827 2674 deferebat
839 2645 856 2685 ;
876 2624 926 2673 ὃ(
945 2621 1006 2672 fic
1032 2624 1091 2673 ad
1114 2622 1268 2694 fingu-

298 2698 343 2745 la
370 2697 653 2764 Evangelia.
693 2695 834 2743 Alter
869 2695 1063 2743 interim
1094 2698 1270 2745 Diaco-

299 2783 385 2815 nus
420 2765 478 2814 de
512 2764 719 2814 secundo
761 2761 942 2812 sinistro
970 2766 1152 2814 Altaris
1187 2785 1268 2814 an-

297 2836 414 2904 gulo
448 2835 582 2883 aliud
610 2837 842 2884 volumen
868 2832 1110 2894 sumebat,
1142 2837 1270 2906 lege-

297 2905 473 2973 batque
501 2905 549 2951 in
578 2903 751 2953 eodem
782 2907 907 2962 loco,
935 2923 1026 2971 quo
1055 2907 1204 2973 prior,
1222 2909 1273 2957 δε

297 2973 471 3025 :iisdem
499 2974 811 3032 caeremoniis,
829 2976 1031 3024 Initium
1056 2980 1099 3024 S.
1117 2979 1272 3026 Evan-

298 3048 414 3115 gelii
453 3042 710 3094 secundum
751 3046 1012 3093 Marcum:
1057 3047 1161 3097 Ecce
1203 3068 1275 3117 ego

300 3121 429 3169 mitto
455 3116 672 3184 Angelum
698 3132 856 3169 meum.
895 3113 1089 3163 Tertius
1114 3119 1232 3166 item
1263 3154 1279 3175 ,

299 3190 352 3239 ὃς
368 3202 559 3254 quartus
574 3190 809 3234 Diaconus
826 3184 883 3233 de
902 3185 1046 3232 tertio
1063 3187 1112 3235 ὃ(
1131 3204 1279 3252 quar-

307 3271 360 3307 to
388 3257 560 3325 angulo
594 3256 774 3305 Altaris
791 3291 808 3315 ,
837 3272 954 3304 unus
968 3253 1071 3322 post
1098 3257 1245 3305 alium
1256 3291 1274 3324 ,

690 240 1121 294 VETERA
1194 237 1893 299 MoNlMENTA

1317 308 1498 364 librum
1527 314 1854 380 accipiebant,
1879 313 1928 363 ἃ
1950 311 2059 369 ille,
2088 314 2291 364 Initium

1318 381 1474 429 Sancti
1488 382 1737 451 Euangelii
1758 378 2019 435 secundum
2042 383 2260 433 Lucam-³
2275 422 2292 443 ,

1315 451 1443 518 quod
1460 452 1625 518 incipit
1646 474 1656 501 :
1677 452 1729 503 In
1741 452 1889 502 diebus
1900 453 2085 502 Herodis
2101 462 2192 503 &c-
2212 456 2295 504 iste

1315 520 1434 570 vero
1450 556 1468 578 ,
1488 521 1677 574 initium
1692 524 1847 572 Sancti
1868 524 2120 590 Evangelii
2138 521 2298 573 secun·

1314 589 1721 658 dumJoannem:
1753 592 2030 659 Inprincipio
2062 611 2156 643 erat
2186 613 2295 646 ver-

1315 664 1411 713 bum
1437 665 1528 711 &a
1566 664 1636 713 uti
1659 664 1839 731 priores
1870 665 1966 713 duo
1984 700 2000 722 ,
2035 665 2217 733 Populo
2248 667 2299 716 δε

1318 732 1688 784 Cathecurnenis
1734 733 1826 783 alte}
1867 734 2244 800 pronunciabant
2280 772 2294 782 .

1322 802 1415 853 Sed
1434 802 1492 851 de
1525 802 1595 850 his
1619 801 1806 853 abunde
1824 807 1921 863 jam
1937 803 2150 853 dic‘tum:
2182 805 2298 855 ube·

1323 876 1448 922 riora
1462 869 1496 919 fi
1517 874 1666 940 cupis,
1685 870 1871 922 libellos
1890 872 2026 922 ‘adire
2038 888 2170 942 potes
2196 882 2298 939 jam

1326 955 1589 1014 praemtatos
1606 978 1617 988 .

1387 1010 1630 1063 Caeterum
1647 1009 1800 1060 scitari
1827 1014 1996 1079 aliquis
2014 1010 2163 1081 posset
2180 1050 2196 1072 ,
2219 1032 2302 1063 cur

1315 1085 1568 1136 volumina
1585 1084 1976 1150 Evangeliorum,
2006 1097 2105 1132 tam
2133 1084 2304 1134 crebro

1317 1159 1364 1204 in
1380 1150 1585 1207 Ecclesia
1600 1153 1799 1220 legenda
1818 1189 1834 1211 ,
1854 1150 2006 1220 sigillo
2025 1152 2205 1222 semper
2219 1153 2303 1203 ob·-

1317 1224 1611 1294 fignarentur
1632 1259 1642 1269 .
1680 1225 1814 1275 Huic
1828 1242 1916 1292 ego
1929 1223 2171 1291 quaestioni
2191 1223 2304 1272 crim

1318 1295 1608 1346 solutionem
1622 1296 1669 1341 in
1692 1293 2009 1362 Scriptoribus
2026 1296 2212 1344 nullam
2231 1296 2302 1342 in-

1319 1366 1536 1421 venerim
1563 1398 1581 1421 ,
1607 1364 1784 1430 aliquas
1827 1382 1952 1413 meas
1987 1382 2308 1432 quaecunque„

1319 1435 1500 1486 fuerint
1529 1435 1823 1500 conJe&uras
1857 1436 1906 1482 in
1941 1434 2164 1484 medium
2193 1453 2305 1503 pro-

1316 1510 1438 1561 ferre
1456 1504 1584 1553 haud
1606 1508 1924 1573 incongruum
1950 1502 2249 1555 existimavi.

1387 1573 1551 1629 Primo
1572 1576 1720 1643 igitur
1750 1576 1864 1641 saep&
1891 1573 2183 1632 observavi,
2214 1575 2309 1643 pri÷

1320 1663 1496 1697 maevos
1510 1643 1882 1694 ChristiFideles
1903 1646 1952 1691 id
1971 1645 2205 1712 praecipu&
2226 1662 2309 1692 cu-

1323 1714 1463 1771 rasse,
1492 1727 1546 1760 ut
1574 1711 1811 1762 vifionem
1829 1713 2193 1782 Apocalypseos
2224 1733 2309 1764 ex-

1322 1787 1599 1856 primerent,
1611 1783 1660 1833 &
1676 1782 1737 1832 ob
1751 1784 1915 1832 oculos
1931 1800 2180 1851 ponerent,
2193 1803 2311 1853 prae-

1323 1856 1486 1906 sertim
1505 1855 1552 1900 in
1568 1851 1763 1901 musivis
1783 1852 2019 1920 operibus.
2040 1857 2167 1923 Saepe
2181 1856 2312 1903 enim

1325 1925 1709 1992 vigintiquatuor
1755 1923 1860 1969 illos
1886 1925 2101 1973 Seniorcs
2128 1960 2146 1982 ,
2192 1943 2310 1990 quos

1325 2012 1436 2043 cum
1454 1992 1663 2060 phyalis,
1679 1993 1728 2041 ὃς
1754 1994 1941 2039 coronis
1957 1997 2168 2061 joannes
2198 2012 2313 2041 oeu-

1326 2062 1575 2114 1.atifl·imus
1591 2060 1715 2110 testis
1734 2058 1979 2129 descripsit
1994 2098 2011 2120 ,
2032 2060 2310 2122 effinxere-2,

1326 2149 1382 2183 ut
1411 2136 1458 2180 in
1474 2129 1690 2180 Ecclefiis
1707 2131 1862 2180 San&
1881 2133 2043 2190 Pauli,
2061 2134 2111 2184 ὃς
2134 2134 2312 2183 ὃεῃὲὶαε

1327 2202 1580 2259 Praxedis,
1610 2203 1660 2251 &
1692 2203 1864 2251 Sanctae
1892 2205 2095 2253 Caeciliae
2115 2202 2311 2253 visitur:

1325 2273 1440 2324 alibi
1475 2269 1592 2321 ver&
1619 2286 1822 2338 quatuor
1842 2274 2118 2331 Animalia,
2146 2277 2307 2322 Evan-

1324 2342 1598 2414 gelistarum
1627 2339 1870 2410 symbola,
1887 2360 2068 2391 necnon
2100 2345 2312 2402 Isidem,

1326 2420 1525 2485 Agrium
1540 2447 1557 2469 ,
1585 2413 1637 2462 &
1662 2413 1752 2459 alia
1775 2413 2159 2480 quamplurima,
2187 2417 2313 2463 inter

1324 2505 1425 2554 quae
1458 2484 1604 2537 etiam
1649 2482 1879 2531 volumen
1920 2481 2102 2550 septem
2144 2481 2310 2551 figillis

1325 2555 1587 2609 munitum,
1607 2550 1736 2618 quod
1758 2553 1913 2600 veluti
1937 2552 2074 2621 supra
2091 2553 2307 2602 solium-³

1321 2624 1522 2695 gemmis
1555 2619 1867 2689 conspicuum
1886 2658 1904 2679 ,
1949 2622 2216 2674 coloratum
2247 2624 2313 2673 est

1323 2701 1373 2746 in
1400 2694 1584 2742 summo
1623 2709 1735 2740 arcu
1771 2690 1976 2742 Bafilicae
2013 2692 2275 2742 Liberianae
2292 2730 2310 2757 ‚

1324 2766 1384 2816 de
1407 2779 1500 2830 quo
1527 2759 1670 2811 fufius
1692 2759 1802 2810 cum
1828 2761 1887 2811 de
1908 2763 2077 2812 eadem
2098 2758 2305 2813 Ecclesia

1327 2834 1614 2905 peculiarem
1669 2833 1926 2882 tractatum
1965 2833 2266 2882 instituemus
2297 2870 2309 2880 .

1327 2905 1566 2971 roirca
1606 2916 1790 2953 veteres
1835 2904 1992 2953 Patres
2027 2905 2312 2971 Evangelio-

1325 2993 1432 3025 rum
1453 2974 1682 3023 volumen
1710 2974 2044 3042 exprimendO,
2059 2974 2180 3022 illud
2198 2991 2311 3042 pro-

1325 3043 1452 3095 festo
1482 3043 1664 3096 imitati⁴
1679 3044 1909 3094 videntur
1922 3080 1939 3102 ,
1976 3045 2037 3093 de
2056 3048 2310 3113 qquoan-

1328 3133 1408 3165 nes
1436 3116 1483 3161 in
1517 3113 1814 3183 Apocalypsi
1847 3133 1949 3181 cap.
1970 3131 2015 3175 5.
2042 3115 2224 3181 inquit:
2254 3112 2314 3163 E:

1328 3185 1438 3236 vidi
1468 3189 1516 3234 in
1540 3185 1726 3235 dextera·
1740 3185 1938 3255 fidentis
1955 3186 2091 3254 fitpra
2114 3187 2320 3234 thronum

1329 3256 1487 3308 librum
1491 3256 1721 3324 scriptum,
1720 3256 1944 3325 fignatum
1943 3254 2114 3325 figillis
2119 3258 2284 3326 septem
2299 3288 2314 3300 .

2209 3328 2312 3373 Nec
