2482 3742
730 268 1233 320 CAPUT
1341 263 1511 317 XIX.

120 339 408 409 S-Athanasio
427 336 561 388 liba.
579 336 626 384 in
641 337 776 386 Max.
799 337 1094 387 Bibliotheca

121 413 207 457 PP.
238 426 352 459 tom.
375 429 421 473 4.
450 406 519 458 Tu
537 423 674 456 autem
694 410 771 477 ff
796 428 850 457 ex
874 409 969 458 illis
985 410 1086 457 hinc

120 484 382 550 intelligeris
399 516 415 537 ‚
451 478 561 546 quod
585 484 677 527 cum
696 479 764 547 ſss
781 477 1083 529 Memoriam-³

119 550 377 619 Martyrum
391 552 616 600 Beatorum
634 551 884 599 instaurans
897 586 913 607 ,
942 567 1085 598 tamen

106 623 339 690 servorum
356 624 474 668 unici
477 621 578 686 filii
595 621 685 669 Dei
700 617 1083 685 cruoremfundens

120 694 210 740 &a
253 696 378 739 Item
410 708 468 738 ex
504 691 547 736 S.
582 688 850 757 Augustino
886 705 1090 739 contra-2

118 760 268 810 faust.
297 760 507 808 Manich.
537 758 619 807 lib.
651 778 730 808 20.
759 777 858 828 cap.
884 779 962 808 21.
999 762 1088 810 ibi:

118 832 299 896 Populus
337 831 619 881 Christianus
657 836 877 880 memorias
906 830 1088 899 Marty-

117 920 210 948 rum
226 902 423 969 religiosa
434 903 709 969 solemnitate
735 900 991 951 concelebrat
1003 938 1019 960 ‚
1036 904 1091 950 (²5

118 972 178 1019 ad
190 972 460 1021 excitandam
480 975 766 1021 imitationem
782 1008 798 1029 ,
826 980 880 1022 (9¹
899 988 945 1021 ut
963 975 1088 1020 meri-

116 1046 178 1090 tis
205 1061 340 1090 eorum
366 1043 618 1110 consocietur
638 1079 653 1100 ,
681 1058 802 1110 atque
829 1041 1090 1092 orationibus

118 1113 366 1177 adjuvetur:
382 1117 446 1161 ita
463 1129 602 1161 tamen
620 1131 667 1161 ut
686 1115 797 1161 nulli
814 1111 1089 1180 Martyrum,

104 1183 191 1252 sed
228 1182 313 1251 ipfi'
341 1183 432 1232 Deo
468 1180 726 1249 Martyrum
758 1184 1045 1250 sacrificemus
1072 1219 1087 1240 ,

117 1256 322 1322 quamvis
340 1257 388 1300 in
408 1257 625 1301 memorias
652 1249 909 1315 Martyrum
927 1254 1088 1303 consti-

116 1340 281 1372 ruamus
294 1324 451 1371 altaria
467 1359 477 1369 .
519 1325 644 1370 Item
662 1319 744 1367 lib.
769 1338 793 1366 2
805 1339 849 1366 2.
868 1322 918 1370 de
933 1324 972 1372 C
974 1327 1086 1371 ivit.

116 1393 204 1441 Dei
223 1410 321 1458 cap.
343 1410 417 1439 10.
436 1390 496 1439 fic
517 1391 726 1458 loquitur
745 1410 755 1437 z
793 1390 889 1440 Nos
913 1409 1085 1442 antean,

115 1461 183 1511 M
186 1465 402 1529 artyribus
415 1462 579 1512 nos‘Zris·
590 1478 670 1508 non
683 1464 836 1526 templa
835 1460 949 1529 ficut
961 1464 1086 1520 Diis,

103 1533 191 1602 sed
224 1535 443 1580 memorias
464 1532 567 1594 fi'cut
595 1532 837 1580 hominibus
873 1539 1083 1590 mortuis,

113 1620 284 1668 quorum
308 1603 420 1667 apud
436 1603 574 1651 Deum
593 1604 966 1669 vivuntspiritus
979 1639 995 1660 ,
1011 1601 1084 1671 fcl-

115 1672 348 1721 bricamus:
387 1691 459 1720 nec
483 1671 548 1720 ibi
573 1677 779 1739 erigimus
804 1676 964 1723 altaria
983 1710 999 1731 ,
1037 1679 1086 1722 in

115 1742 267 1811 quibus
278 1743 570 1811 sacrificemus
589 1742 866 1808 Martyribus
877 1781 892 1801 ,
912 1745 999 1810 sed
1011 1747 1088 1792 uni

115 1814 206 1863 Deo
233 1817 287 1863 Θ
304 1810 566 1879 Martyrum
598 1815 651 1862 ΕΤ
671 1813 1090 1882 nossrosacrtfieium

114 1885 378 1933 immolamus
395 1920 405 1930 .
446 1883 702 1947 Repetirur
737 1885 922 1949 quoque
955 1884 1090 1944 hujus

116 1954 251 2001 vocis
280 1951 384 2001 usus
417 1950 540 2018 apud
571 1953 614 1997 S.
633 1951 886 2000 Paulinum
913 1955 959 2000 in
980 1953 1090 2020 Epi-

114 2022 230 2071 stola
253 2043 269 2071 1
284 2039 326 2081 3.
347 2022 486 2088 Ipsum
505 2036 665 2087 tempus
684 2038 782 2069 ante
801 2024 1024 2072 meridiem
1040 2028 1090 2072 in

116 2098 243 2143 ‘votis
268 2095 428 2143 noft‘ris
467 2096 487 2148 (
510 2112 676 2159 quorum
691 2110 788 2142 cura
810 2104 1090 2155 veneramus)

108 2178 187 2231 per
207 2164 505 2229 Apostolorum
525 2199 540 2220 ,
578 2166 662 2212 ‘vel
670 2157 927 2227 Martyrum
943 2166 1094 2232 fitcras

114 2232 360 2285 Memorias
387 2235 669 2302 confirmentes
686 2270 696 2279 .
726 2229 954 2282 Affiuunt
974 2232 1093 2282 insu·-

112 2321 203 2371 per
222 2304 306 2352 hac
326 2321 447 2352 voce
467 2304 750 2353 colle&anea
768 2305 838 2354 De
855 2310 974 2354 vitis
986 2305 1019 2353 S
1021 2322 1091 2352 ann

115 2373 273 2423 Horum
291 2373 415 2441 apud
438 2372 722 2422 Bollandum
740 2410 754 2432 ,
793 2376 870 2441 qui
892 2374 1088 2424 candide}

114 2445 167 2494 &
186 2441 348 2492 sedulo
370 2480 385 2500 ,
410 2446 551 2493 nullis
573 2445 847 2493 adulteratis
865 2447 1087 2493 immuta-

114 2512 266 2580 tisque
300 2512 525 2572 vocibus,
551 2512 631 2564 sed
668 2514 950 2584 primigenii
971 2517 1087 2563 Scri-

114 2597 309 2652 ptorum
344 2598 567 2632 veterum
605 2585 755 2652 phrafi
786 2583 983 2634 omnino
1016 2603 1086 2634 re-

114 2651 249 2702 tenta
265 2689 280 2710 ,
297 2651 549 2722 conspicua
571 2657 817 2704 volumina
835 2654 1059 2724 congeffit
1075 2692 1085 2702 .

116 2725 344 2776 Occurrit
362 2724 515 2792 primo
533 2727 662 2774 locus
681 2727 727 2772 in
744 2729 786 2774 S.
801 2728 944 2776 Claro
964 2726 1088 2774 Aba·

116 2808 165 2843 te
184 2791 440 2843 Viennensi
466 2793 523 2843 ad
548 2816 586 2843 1.
612 2795 964 2865 diemJanuarii
992 2815 1086 2845 eft.

116 2877 235 2913 tom.
258 2884 274 2911 1
287 2900 296 2909 .
314 2863 404 2913 ibi:
424 2865 606 2916 Accidit
621 2872 770 2935 quippe
785 2903 800 2923 ‚
818 2883 865 2915 ut
873 2881 977 2932 puer
997 2885 1086 2916 ma-

115 2952 225 2986 trem
248 2935 435 2983 orbatam
453 2941 604 2985 marito
623 2937 821 2994 haberet,
849 2956 932 3004 quae
952 2938 1087 2987 devo-

117 3011 159 3056 τέ
197 3006 257 3054 ad
287 3004 535 3055 Memorias
569 3008 648 3058 SS.
682 3006 946 3075 Martyrum
979 3008 1092 3073 apud

118 3078 331 3128 Viennam
346 3076 534 3146 subinde
559 3078 708 3126 orandi
727 3083 876 3147 gratia
898 3095 1084 3126 accurre-

116 3145 218 3194 bat.
257 3146 471 3195 Secundo
498 3181 514 3203 ,
551 3147 598 3192 in
626 3149 725 3194 vita
758 3151 801 3197 S.
831 3146 1082 3217 Rigoberti

116 3212 336 3283 Episcopi
356 3220 555 3266 Remen.
585 3213 667 3263 ubi
691 3232 931 3277 narratur,
956 3217 1084 3286 quod

118 3286 311 3334 SanFtus
330 3287 403 3334 hic
429 3293 478 3337 in
498 3288 745 3355 Vasconiam
763 3289 996 3357 Regionem
1007 3291 1082 3358 se-

193 3354 336 3407 ParJ.
429 3368 435 3373 '

2021 290 2037 318 1
2051 291 2075 328 7
2086 290 2112 330 7

1145 341 1257 406 ceſjit
1271 373 1285 395 ,
1321 338 1464 406 ibique
1482 335 1691 386 exulando
1711 338 1865 386 multas
1870 337 2027 404 santia
2042 346 2112 387 in-

1144 408 1319 476 defeffits
1343 413 1581 457 intentione
1594 407 1845 456 Sanctorum
1866 406 1932 456 M
1935 415 2112 458 emorias

1138 481 1360 528 luflra‘vit
1374 515 1389 535 ,
1403 480 1628 545 poft'eaque
1645 478 1704 525 ad
1714 476 1980 527 Memoriam
1998 479 2111 527 San-

1136 550 1197 599 ἕῖἰ
1215 547 1495 616 Mauritiise
1514 551 1697 597 contulit
1711 583 1721 593 .
1754 547 1948 597 Constat
1968 551 2118 616 igitur

1141 616 1247 666 satis
1267 617 1452 666 abunde
1469 618 1528 666 de
1555 615 1743 686 praefatz'i
1762 620 2116 667 Memoriarum

1142 690 1335 736 notione
1366 687 1489 755 apud
1508 691 1722 753 antiquos
1741 708 1754 735 ι
1792 688 1899 737 ideo
1925 688 1984 737 ad
2005 689 2117 736 alias

1142 776 1281 807 voces
1307 758 1650 808 enuncleandas
1668 792 1685 814 ,
1712 775 1811 822 quae
1841 755 1946 807 sunt
1975 757 2118 808 Sedes

1142 832 1456 894 Martyrum,
1484 828 1704 878 Concilia
1723 830 2033 893 Martyrum,
2062 830 2113 879 &

1141 900 1384 966 Martyria
1403 935 1419 956 ,
1451 899 1756 965 procedamus
1777 933 1788 943 .

1211 973 1286 1018 De
1313 987 1430 1018 voce
1453 969 1581 1020 Sedis
1598 966 1650 1015 fit
1668 968 1849 1017 mentio
1871 969 1916 1016 in
1937 970 1968 1015 l.
1982 977 2031 1018 6.
2048 969 2118 1018 De

1141 1041 1362 1107 Sepulchr.
1391 1042 1506 1089 viol.
1538 1041 1585 1085 in
1607 1037 1789 1087 Codice
1813 1038 2000 1088 Theod.
2032 1037 2115 1085 ubi

1142 1108 1487 1178 Apostolorum
1505 1144 1521 1165 ‚
1558 1111 1608 1157 &
1643 1111 1927 1174 Martyrum
1962 1105 2115 1175 sepul-

1140 1182 1249 1229 chra
1267 1181 1398 1229 Sedes
1423 1179 1745 1246 appellantur:
1783 1179 1832 1226 &
1849 1177 1975 1244 apud
1996 1183 2114 1225 Am-

1140 1253 1283 1298 mian.
1301 1249 1521 1301 Marcell.
1537 1247 1618 1296 lib.
1637 1265 1717 1293 22.
1736 1264 1834 1314 cap.
1847 1267 1865 1295 1
1883 1266 1900 1294 1
1913 1283 1922 1292 .
1942 1260 1994 1293 ut
2012 1244 2115 1294 scri-

1142 1318 1213 1367 bit
1231 1316 1565 1368 eruditiffimus
1583 1314 1872 1367 Gothofred.
1890 1316 1949 1364 ad
1968 1316 2013 1364 d.
2030 1319 2115 1363 l.6.

1140 1389 1222 1437 ubi
1244 1386 1404 1456 supra:
1444 1392 1619 1441 Cineres
1647 1388 1844 1452 (inquit
1873 1386 2117 1433 Marcelli-

1140 1469 1258 1522 nus)
1275 1463 1461 1524 projecit
1490 1465 1537 1508 in
1566 1475 1679 1509 mare
1698 1492 1713 1513 ,
1748 1457 1802 1504 id
1824 1473 2011 1506 metuens
2027 1491 2042 1512 ‚
2071 1470 2118 1503 ut

1136 1529 1347 1581 clamabat
1360 1564 1375 1585 ,
1402 1535 1451 1578 ne}
1470 1530 1656 1584 colleHis
1664 1528 1877 1596 supremis
1896 1526 2036 1582 (idest
2052 1545 2114 1573 νε-

1137 1605 1329 1669 liquiis)
1364 1599 1494 1649 Sedes
1513 1603 1609 1652 illis
1637 1614 1937 1649 extruerentur
1957 1632 1968 1643 .
2005 1595 2115 1644 Im&

1137 1674 1188 1722 &
1207 1669 1333 1738 apud
1351 1670 1572 1717 Ethnicos
1589 1704 1605 1725 ,
1643 1669 1768 1719 unde
1798 1668 2011 1734 puriores
2029 1666 2118 1712 La-

1138 1742 1229 1789 tini
1256 1738 1482 1788 sermonis
1514 1740 1674 1786 latices
1691 1771 1707 1793 ,
1735 1738 1853 1783 utin
1868 1742 1917 1787 6.
1937 1735 2116 1783 AEneid.

1210 1810 1302 1862 Nec
1325 1813 1441 1875 ripas
1457 1809 1584 1862 datur
1599 1806 1829 1858 horrendas
1845 1840 1863 1865 ‚
1901 1824 1972 1854 nec
1989 1821 2120 1855 rauca

1274 1880 1448 1947 fluenta
1474 1901 1487 1919 r

1211 1949 1509 2019 Trasmigrare
1516 1949 1643 2014 prius
1657 1983 1673 2006 ,
1703 1952 1827 2017 quam
1842 1945 2020 2016 sedibus
2036 1946 2120 2014 offa

1286 2024 1488 2088 quierunt
1500 2055 1510 2065 .
1895 2017 1946 2067 δε
1967 2013 2087 2063 infra
2105 2051 2117 2062 .

1216 2090 1399 2142 Sedibus
1425 2107 1473 2137 ut
1477 2091 1638 2158 saltem
1654 2088 1845 2155 placidis
1873 2091 1922 2136 in
1948 2102 2119 2137 morte-2

1287 2163 1492 2229 quiestam
1511 2195 1522 2205 .

1214 2232 1431 2280 Concilia
1448 2242 1606 2278 autem
1622 2232 1981 2294 Martyrum‚ac
1993 2229 2120 2274 Mar-

1143 2303 1272 2369 tyria
1287 2338 1303 2359 ,
1332 2305 1381 2353 &
1397 2295 1716 2349 Confeffiones
1734 2298 1968 2365 appellata
1985 2291 2120 2344 fuisse

1142 2372 1236 2420 haec
1273 2372 1468 2421 aedificia
1488 2406 1504 2428 ,
1542 2365 1738 2417 testatur
1771 2367 1998 2416 Batonius
2029 2367 2117 2414 in.›

1139 2441 1377 2510 Martyrol.
1407 2442 1465 2488 ad
1495 2439 1627 2488 diem
1652 2454 1730 2496 23.
1755 2440 1892 2507 Junii
1926 2439 1973 2483 in
1997 2432 2117 2485 vers.

1127 2518 1268 2578 juxta
1283 2512 1540 2578 Martyrum
1555 2512 1750 2562 Concilia
1769 2543 1779 2554 .
1818 2510 1878 2555 Et
1906 2505 1964 2554 ad
1984 2505 2118 2555 diem

1140 2584 1320 2652 6‘.Julii
1336 2585 1383 2630 in
1400 2578 1518 2630 vers.
1539 2601 1611 2629 cur
1632 2582 1691 2629 ad
1702 2576 2018 2647 Conseffionem,
2032 2575 2116 2624 ubi

1139 2650 1328 2710 scribit,
1355 2653 1659 2718 Martyrium
1686 2652 1753 2697 nil
1781 2648 1910 2696 aliud
1939 2649 2117 2714 impor-

1141 2737 1271 2780 tare,
1310 2720 1396 2771 nis1
1423 2724 1584 2770 locum
1612 2723 1660 2768 in
1686 2737 1778 2786 quo
1808 2721 2009 2784 Martyr
2038 2729 2114 2763 tu-

1141 2795 1351 2842 mulatus
1367 2792 1432 2841 est
1446 2827 1462 2848 ‚
1492 2805 1545 2839 ut
1568 2789 1792 2839 habemus
1811 2807 1871 2838 ex
1892 2789 1924 2835 l.
1940 2806 1985 2847 7.
2007 2788 2115 2837 De„

1139 2865 1381 2930 Sepulchris
1396 2864 1554 2913 violat.
1581 2863 1628 2908 in
1654 2860 1779 2910 Cod.
1800 2857 1990 2907 Theod.
2020 2873 2114 2923 quo

1140 2935 1234 2983 loci
1271 2935 1477 2981 maxime
1513 2930 1571 2980 ad
1601 2948 1701 2979 rem
1731 2932 1866 2998 plura
1902 2928 2115 2976 cumulat

1139 3003 1354 3054 laudatus
1382 3000 1704 3052 Gothofredus
1723 3037 1734 3048 .
1767 2998 1930 3050 Ambo
1963 2998 2010 3043 hi
2039 2995 2112 3042 vi-

1138 3075 1179 3121 ri
1202 3075 1412 3143 undique
1433 3072 1731 3122 celeberrimi
1749 3082 1915 3119 notant
1929 3103 1946 3124 ,
1985 3062 2112 3111 haud

1135 3142 1317 3214 semper
1335 3146 1608 3212 Martyrium
1625 3136 1818 3191 sonuisse
1838 3136 2024 3205 praecise
2043 3135 2112 3181 lo-

1139 3234 1249 3263 cum
1264 3252 1280 3274 ,
1308 3218 1356 3265 in
1376 3235 1471 3284 quo
1491 3213 1726 3279 Martyris
1748 3205 1839 3256 offa
1866 3213 2077 3270 jacerent
2091 3239 2110 3261 ,

1134 3285 1216 3338 sed
1239 3305 1334 3335 non
1360 3288 1464 3335 raro
1493 3298 1643 3333 totam
1669 3276 1816 3346 ipsam
1849 3274 2105 3325 Ecclesiam

1683 3352 1732 3399 Z
2009 3349 2102 3394 im-
