2425 3747
339 245 437 287 106

323 309 462 356 tollas
495 305 772 372 Imaginum
803 300 1035 370 capitibus
1062 297 1301 367 impositas

323 381 628 434 intueamur3
668 372 830 422 nostrae
850 372 1106 419 intentioni
1133 387 1301 437 quam-

322 448 529 496 maxim&
559 442 927 492 consentaneum
955 438 1040 489 effe
1070 440 1299 498 videtur,

325 517 400 566 hic
432 518 502 567 De
521 517 696 567 Coronis
719 508 979 577 disquirere
999 547 1015 569 ,
1053 524 1108 559 ut
1133 515 1300 561 Icones

323 590 415 637 illae
441 582 651 634 dilucide
670 617 685 639 ,
724 599 777 629 ac
810 581 946 649 plene
966 583 1261 650 attingantur
1282 618 1294 629 .

324 655 441 706 Ideo
467 653 714 703 eruditum
733 651 1028 700 Paschalium
1054 652 1298 701 consulen-

321 742 388 775 tes
417 760 432 782 ,
468 723 928 791 quiluculentatam
959 722 1017 771 de
1053 722 1144 771 illis
1175 724 1300 771 noti-

321 798 439 844 tiam
461 792 665 842 tradidit
693 794 740 839 in
770 789 853 842 suo
876 792 1108 842 Tractatu
1133 795 1202 843 De
1219 795 1299 846 Co-

320 870 439 915 ronis
457 901 473 922 ,
513 867 562 915 ἃ
587 859 928 932 Wolfgangum
959 865 1189 921 Lazium,
1218 864 1299 930 qui

323 937 464 1003 longe
490 947 597 983 ante
619 931 777 1002 ipsum
805 935 874 984 De
890 933 1128 1000 Republica
1143 935 1299 985 Roma-

324 1024 378 1054 na
407 1002 616 1073 scripsit,
653 1006 809 1071 aliqua
830 1021 889 1053 ex
918 1009 1017 1068 eJus
1037 1003 1173 1067 lib.9.
1195 1023 1297 1072 cap.

329 1082 440 1133 18.,
476 1071 670 1142 aliisque
704 1071 877 1122 cursim
908 1088 1131 1144 excerpta
1170 1072 1298 1143 stylo

321 1148 561 1195 Laconico
584 1143 982 1214 pertractabimus
1001 1180 1014 1192 .

405 1219 712 1266 Coronarum
746 1213 853 1264 usus
889 1229 1029 1264 tantae
1058 1214 1304 1265 vetustatis

322 1286 389 1336 est
409 1323 425 1345 ,
463 1300 517 1334 ut
537 1305 596 1336 ex
617 1288 762 1335 variis
781 1284 1023 1354 speciebus
1037 1321 1053 1343 ‚
1076 1304 1177 1353 quae
1197 1288 1302 1335 lon-

321 1355 517 1426 giflimis
547 1358 777 1425 temporis
813 1355 1074 1406 interstitiis
1104 1358 1302 1406 emerse-

323 1444 372 1476 re
403 1463 418 1485 ,
456 1446 551 1477 non
584 1430 648 1475 ita
678 1424 813 1476 facile
850 1426 1069 1495 suppetat
1097 1427 1303 1486 modus,

321 1499 580 1565 lumenque
612 1497 671 1546 ad
691 1498 934 1565 aequivoca
963 1497 1271 1565 detegenda„
1286 1534 1302 1556 ,

319 1567 491 1633 quibus
512 1566 676 1636 paffim
694 1586 789 1617 non
812 1569 948 1635 pauci
971 1567 1305 1636 decipiuntur,

324 1642 539 1687 Coronas
556 1636 818 1706 praesertim
835 1656 946 1685 cum
966 1635 1126 1696 sertis,
1143 1639 1304 1695 radiis,

319 1725 373 1754 ac
393 1706 746 1754 diadematibus
761 1741 776 1762 ,
791 1708 841 1756 ὃς
861 1708 884 1754 ἐ
905 1709 1174 1763 contrario,
1196 1725 1305 1755 con-

317 1773 594 1825 fundentes.
635 1778 737 1824 Nos
770 1778 930 1843 itaque
964 1773 1019 1824 ea
1046 1811 1061 1833 ,
1097 1776 1189 1843 qua
1216 1794 1303 1844 pro

319 1846 507 1897 viribus
532 1847 749 1898 valemus
769 1883 785 1905 ,
821 1845 962 1895 studii
992 1847 1126 1896 lance
1146 1882 1162 1905 ,
1198 1865 1302 1896 om-

317 1919 398 1966 nia
413 1954 428 1977 ,
459 1935 560 1985 quae
582 1918 717 1980 hujus
736 1919 800 1966 rei
836 1933 1046 1965 errorem
1066 1916 1303 1966 dilucida-

318 2005 370 2036 re
391 2024 406 2047 ‚
433 1990 483 2038 &
505 1989 743 2055 corrigere
763 1985 936 2055 poffint
953 2021 971 2045 ,
1002 1985 1169 2037 sedulo
1187 2006 1304 2056 pon-

321 2056 621 2107 derabimus.

404 2128 577 2177 Acturi
605 2128 751 2196 igitur
778 2128 831 2177 de
859 2131 1035 2180 Coronis
1055 2163 1069 2184 ,
1106 2127 1301 2178 dicendi

321 2199 400 2247 lex
418 2198 607 2267 flagitat
621 2233 636 2255 ,
652 2210 705 2244 ut
723 2196 850 2266 prius
871 2201 1074 2247 Coronae
1093 2212 1299 2267 etymon

318 2270 622 2337 aperiamus,
659 2266 718 2317 de
750 2286 843 2335 quo
875 2265 1191 2317 multifariam
1223 2269 1302 2319 de-

319 2353 522 2388 cernunt
550 2338 784 2389 Historici
804 2374 815 2386 .
855 2339 1070 2406 Qidam
1098 2358 1192 2388 non
1214 2341 1299 2388 hu-

320 2411 450 2458 milis
468 2408 605 2458 famae
626 2410 885 2478 Scriptores
906 2412 1112 2462 Coronam
1133 2414 1156 2460 a
1176 2431 1302 2460 cornu

321 2482 559 2548 originem
582 2476 741 2529 sortiri
760 2478 1050 2530 arbitrantur
1065 2516 1080 2539 ,
1111 2479 1302 2530 fortasse

319 2554 432 2617 quia
460 2552 508 2598 in
536 2549 675 2598 sacris
708 2551 891 2618 paginis
918 2571 1045 2601 cornu
1075 2566 1301 2618 tanquam

323 2619 501 2689 infigne
518 2657 534 2679 ‚
553 2622 604 2671 ὃ(
623 2634 736 2669 nota
755 2622 895 2687 Regii
923 2623 1088 2689 capitis
1107 2619 1298 2690 usurpa-

323 2702 429 2737 tum
456 2689 710 2740 observant
726 2727 736 2737 .
765 2690 923 2740 Festus
945 2693 1066 2740 inter
1085 2693 1302 2758 antiquos

323 2762 586 2826 Scriptores
604 2797 619 2819 ,
657 2765 864 2815 Coronam
898 2764 923 2810 a
950 2764 1070 2812 choro
1100 2761 1194 2810 dici
1219 2780 1299 2810 au-

322 2842 481 2878 tumat
507 2865 523 2887 ,
560 2833 718 2882 carere
757 2846 917 2881 tamen
953 2830 1297 2900 aspirationffi.

324 2900 523 2967 Appion
552 2901 678 2967 apud
700 2903 985 2951 Athenarum
1016 2903 1098 2950 lib.
1127 2919 1171 2964 5.
1201 2905 1300 2960 ait,

324 2973 530 3024 Coronam
556 2971 674 3019 Olim
691 2973 914 3022 Choronon·
927 2970 1060 3023 fuisse
1088 2974 1296 3042 appella-

324 3054 422 3089 tam
440 3076 457 3100 ,
495 3043 586 3107 qua
605 3041 856 3091 Saltatores
885 3045 931 3090 in
962 3045 1152 3093 theatris
1174 3042 1298 3090 redi·

325 3112 436 3159 miri
463 3109 675 3161 solebant
696 3145 707 3158 .
745 3114 903 3174 Hujus
930 3115 1136 3161 notionis
1164 3112 1300 3161 vide·

327 3194 405 3229 tur
425 3182 609 3249 quoque
630 3183 862 3251 particeps
880 3180 1086 3231 Isidorus
1115 3181 1198 3230 lib.
1224 3201 1298 3241 19.

328 3269 428 3319 cap.
452 3267 530 3310 30.
560 3250 643 3300 ubi
672 3255 914 3302 Coronam
943 3251 1000 3301 ab
1037 3270 1094 3302 eo
1125 3269 1297 3302 nomen

737 231 1159 286 VETERA
1231 229 1929 281 MONIMENTA

1353 297 1590 368 sumpsisse
1630 298 1811 349 censuit
1833 337 1851 358 ‚
1901 299 2030 366 quod
2067 304 2328 371 antiquitus

1355 371 1500 439 prop&
1528 389 1626 420 aras
1650 369 2100 420 circumcursaretur
2119 394 2132 421 :
2172 375 2331 428 unde„

1352 442 1565 490 creditur
1582 477 1598 499 ,
1621 442 1680 490 ad
1699 440 1898 510 figuram
1920 440 2144 492 circuitus
2158 478 2174 501 ,
2196 446 2332 495 Cho-

1353 514 1455 560 rive
1477 508 1875 570 similitudinem,
1905 512 2040 560 illam
2060 513 2332 570 construere

1352 583 1607 648 antiquitas
1637 579 1842 632 docuisse
1862 618 1873 629 .
1911 579 2177 633 Paschalius
2211 587 2330 636 verd

1352 651 1433 702 lib.
1459 672 1476 700 1
1489 689 1500 698 .
1516 671 1617 720 cap.
1634 658 1680 702 8.
1699 653 1882 714 rejectis
1896 653 1965 701 his
1978 688 1995 709 ‚
2013 652 2207 721 aliisque
2226 659 2330 725 opi-

1353 721 1608 781 monibus,
1646 726 1847 772 Coronae
1884 741 2055 771 vocem
2089 728 2116 774 a
2151 728 2333 779 Graecis

1353 793 1643 843 dictionibus
1673 793 1817 855 κοξωυΐς
1850 793 1899 842 ὃζ
1925 793 2056 856 maganus
2081 813 2335 848 emanare:

1353 878 1519 934 putat,
1556 877 1609 910 ut
1633 864 1727 931 ipse
1753 864 2007 913 nominum
2034 863 2201 925 sonus,
2238 872 2332 918 rei·

1351 952 1440 1003 que
1460 931 1723 1002 significatae
1746 935 2028 982 univocatio
2043 969 2059 992 ,
2076 952 2331 1003 argumen-

1351 1021 1399 1054 ta
1424 1003 1709 1072 suppetunt.
1749 1005 1973 1056 Tradunt
2001 1007 2133 1053 enim
2155 1009 2333 1057 Gram-

1351 1077 1514 1124 matici
1541 1073 1704 1138 nopo'ulw
1721 1072 1808 1124 effe
1828 1092 1962 1123 arcus
1979 1077 2166 1143 apicem
2183 1075 2331 1147 sphae-

1355 1149 1509 1196 ricum
1525 1182 1542 1204 ,
1570 1163 1742 1214 nempe
1764 1145 1887 1194 illud
1907 1147 2170 1195 rotundum
2185 1185 2202 1208 ,
2233 1147 2336 1199 five

1355 1215 1412 1266 fit
1432 1218 1732 1285 hemicyclus
1750 1253 1766 1274 ,
1804 1214 1900 1265 five
1921 1234 2182 1267 curvamen
2201 1255 2212 1267 .
2248 1223 2338 1268 Sae-

1357 1289 1413 1356 p&
1446 1285 1605 1356 saepius
1624 1304 1956 1354 quemcunque
1986 1285 2131 1336 finem
2158 1287 2334 1358 fignifi-

1357 1371 1433 1407 cat
1452 1379 1467 1419 3
1493 1357 1633 1424 ,quod
1654 1355 1797 1406 simili
1818 1358 1903 1404 hac
1931 1358 2159 1424 loquendi
2180 1356 2338 1428 phrafi

1355 1427 1546 1498 probari
1574 1427 1769 1477 videtur
1797 1426 1893 1474 εἰπὲ
1917 1429 1986 1477 τῖς
2013 1426 2138 1492 αἰςχῖς
2158 1461 2173 1484 ,
2206 1427 2337 1480 five,

1358 1496 1542 1548 e'atveiw
1559 1497 1681 1565 μέχρι
1707 1501 1776 1549 ‘tiis
1802 1495 2035 1562 ιωξωνῖὢῶα
2052 1533 2067 1555 ,
2105 1498 2246 1549 idest:
2274 1499 2338 1549 3293

1357 1569 1435 1618 ‘flasi
1468 1566 1664 1634 ιωςυφῑώ,
1694 1588 1869 1637 nempe
1899 1575 1924 1619 ἃ
1949 1575 2167 1635 principio
2198 1572 2334 1640 adfi-

1358 1661 1451 1691 nem
1465 1677 1481 1700 ,
1506 1662 1561 1690 ex
1584 1643 1736 1709 infimo
1753 1642 1812 1688 ad
1811 1643 2027 1709 famavum
2042 1677 2057 1698 ,
2088 1647 2112 1690 a
2143 1646 2305 1690 carceri
2313 1668 2334 1681 -

1355 1712 1432 1759 bus
1463 1714 1521 1759 ad
1545 1714 1732 1766 calcem,
1768 1715 1793 1759 ὰ
1825 1711 2067 1760 destinatis
2099 1711 2158 1759 ad
2182 1708 2335 1779 perse-

1355 1781 1452 1831 Ha:
1490 1782 1632 1847 quart}
1651 1781 1849 1849 ponitur
1874 1780 2020 1843 ιωςωνΐς
2037 1818 2053 1838 ,
2085 1799 2172 1849 pro
2192 1780 2337 1831 aedrfi-

1356 1853 1418 1899 cii
1445 1848 1630 1919 fastigio
1649 1887 1665 1909 ,
1702 1851 1751 1900 ὃς
1779 1852 1905 1899 inter
1936 1853 2051 1905 alios
2079 1850 2136 1899 ab
2163 1850 2338 1919 Hesy-

1356 1922 1462 1969 chio
1478 1957 1488 1967 .
1530 1918 1660 1969 Cum
1686 1922 1831 1988 igitur
1857 1924 2047 1970 Corona
2070 1940 2122 1970 ea
2141 1919 2228 1979 fit,
2264 1924 2337 1972 ul-

1353 2005 1428 2039 tra
1454 2007 1598 2057 quam
1617 1991 1870 2039 hominum
1897 1991 2072 2058 cupido
2094 1992 2226 2039 aliud
2255 2009 2339 2040 ex-

1357 2075 1518 2130 petere
1545 2060 1672 2109 haud
1700 2061 1831 2109 valet
1857 2096 1872 2118 ‚
1909 2079 1961 2109 ac
1992 2079 2049 2110 ex
2074 2061 2338 2112 Aristotele

1355 2130 1664 2184 Moral.1ib.1.
1682 2150 1833 2198 cap.9.
1852 2129 1910 2179 {it
1926 2134 2194 2199 praemium,
2211 2130 2337 2180 finis-

1354 2221 1444 2270 que
1465 2204 1690 2263 virtutis;
1727 2203 1794 2249 nil
1815 2204 1964 2269 magis
1982 2203 2053 2249 illi
2073 2220 2337 2271 congruere

1355 2273 1583 2329 videtur,
1619 2276 1763 2340 quam
1801 2286 1855 2319 ut
1882 2274 1907 2321 εὶ
1937 2273 2114 2320 Graecis
2146 2274 2240 2321 illis
2268 2275 2338 2322 di-

1353 2341 1591 2394 &ionibus
1608 2356 1771 2391 ortum
1789 2339 1988 2399 habeat,
2009 2359 2109 2408 quae
2130 2344 2335 2409 apicem,

1354 2412 1571 2471 finem,ac
1592 2411 1944 2480 plenitudinem
1967 2414 2188 2460 innuunt.
2207 2416 2338 2462 Con-

1354 2484 1443 2533 stat
1464 2485 1642 2533 etenim
1681 2483 1998 2549 quodcunque
2030 2485 2079 2531 in
2119 2483 2340 2534 humanis

1354 2554 1592 2603 summum
1615 2587 1631 2610 ,
1668 2553 1718 2602 δε
1760 2551 2027 2620 perfectum
2066 2566 2336 2614 tentamus,

1353 2624 1414 2673 ad
1441 2623 1490 2671 id
1511 2621 1621 2670 scit&
1650 2623 1699 2672 ὃ(
1727 2624 1890 2671 ornate
1914 2627 2115 2673 Coronae
2137 2626 2336 2674 nomine

1353 2712 1436 2742 nos
1450 2692 1664 2742 alludere
1681 2715 1696 2754 3
1719 2692 1838 2741 adeo
1860 2706 1914 2740 ut
1941 2695 2022 2760 qui
2045 2697 2335 2744 Coronam„

1353 2763 1504 2820 dicit,
1542 2765 1764 2821 culmen,
1802 2764 2025 2830 apicem,
2063 2761 2244 2823 finem,
2281 2767 2335 2817 &

1351 2830 1696 2902 perfectionem
1714 2832 1842 2881 dicat
1857 2869 1868 2880 .
1908 2837 1965 2882 In
1985 2835 2074 2883 hoc
2093 2832 2227 2883 sensu
2251 2835 2338 2884 do-

1352 2921 1515 2953 cemur
1531 2903 1646 2955 Eccl.
1666 2921 1690 2950 2
1702 2920 1746 2964 5.
1767 2904 1996 2952 timorem
2012 2905 2212 2952 Domini
2246 2903 2336 2956 effe

1351 2992 1578 3022 coronam
1605 2972 1871 3041 sapientiae3
1898 2976 1948 3024 ὃς
1965 2973 2237 3037 hujusmodi
2268 2974 2335 3024 est

1355 3043 1476 3092 illud
1519 3045 1785 3094 Clementis
1816 3044 2134 3094 Alexandrini
2181 3045 2264 3092 lib.
2286 3060 2335 3103 3.

1354 3114 1569 3183 Pedagog.
1586 3133 1686 3182 cap.
1707 3130 1751 3172 3.
1772 3116 1903 3166 Senis
1921 3131 2058 3164 autem
2087 3134 2238 3164 corona
2262 3116 2334 3167 effi

1353 3188 1488 3235 multa
1514 3190 1781 3251 experientia
1799 3222 1815 3244 ,
1845 3190 1900 3237 (J
1920 3187 2076 3238 vultus
2093 3191 2183 3253 ejus
2214 3190 2333 3236 cani-

1350 3261 1433 3307 ties
1439 3255 1528 3326 flos
1545 3258 1613 3308 ef}
1640 3259 1779 3309 multae
1803 3262 2070 3325 experientiae
2085 3293 2096 3305 .

2208 3328 2328 3377 Haec
