2425 3747
772 217 1281 273 CAPUT
1388 216 1515 270 VII.

138 307 364 369 pararunt
379 332 389 342 .
416 293 614 344 Alcides
641 290 760 340 vero
780 287 907 337 milit
922 290 1116 358 Hylam

138 387 249 417 curn
269 367 495 434 amphora
528 363 587 412 ad
605 380 796 410 amnem
817 358 1079 410 Ascanium
1098 399 1116 421 ,

136 441 218 507 qui
246 436 422 506 Myfiae
438 474 456 496 ,
485 435 579 502 quo
607 434 888 501 appulerant
907 467 924 488 ,
955 429 1118 500 sylvas

136 509 374 560 interfluit
398 544 416 566 ,
464 519 519 553 ut
555 522 728 571 aquam
769 502 939 551 exinde
978 501 1114 552 affer-

136 594 239 642 ret3
264 578 343 629 sed
361 574 537 627 eximia
562 577 691 624 illius
713 572 869 622 formal
887 588 1116 642 corrept-ae

135 650 384 719 Nymphae
398 647 615 696 fluminis
626 682 645 704 ,
655 643 780 695 fatto
799 647 985 713 impetu
1000 646 1116 693 Pue-

133 739 243 769 rum
272 732 562 777 tenuerunt,
599 722 994 786 projeceruntque
1026 717 1115 764 in.=

131 789 329 841 fluenta.
347 790 547 839 Alcides
564 805 706 837 morae
724 789 953 856 longioris
969 789 1117 855 impa-

130 862 286 920 tiens,
314 860 492 911 reli&is
510 859 645 908 sociis
683 876 849 908 nemus
882 875 1026 908 omne
1045 859 1117 905 lu-

130 929 302 980 stravit
326 968 343 989 ,
383 931 580 999 Hylam
615 947 827 997 quaerens
853 966 869 988 ,
913 930 964 980 ὃ(
999 931 1118 996 Hy-

129 1003 230 1050 lam
251 1000 428 1069 ubique
448 1003 691 1051 vocitans:
730 1005 874 1068 quare}
903 1000 1118 1048 attonitae

130 1072 399 1141 Nymphae,
409 1072 724 1139 timentesque
741 1074 800 1120 ne
816 1084 977 1139 raptus
993 1071 1117 1119 Puer

129 1144 257 1211 apud
279 1142 398 1212 ipsas
417 1145 746 1200 inveniretur,
779 1143 914 1189 illico
944 1138 1112 1191 effece-

126 1230 180 1263 re
208 1228 263 1262 ut
290 1213 541 1263 invisibilis
562 1216 756 1262 vocanti
792 1212 993 1261 domino
1019 1208 1115 1261 res-

131 1284 389 1352 ponderet.
412 1284 500 1334 Sed
523 1282 633 1331 cum
656 1285 737 1333 ille
753 1284 821 1331 nil
841 1297 1009 1351 praeter
1027 1295 1119 1332 vo‘«

128 1374 236 1405 cem
257 1354 432 1405 referre
465 1350 615 1423 poffet
630 1391 646 1413 ,
684 1356 853 1406 navim
884 1356 1081 1423 repetiit
1099 1389 1117 1411 ,

124 1424 368 1494 solvitque
384 1461 400 1484 ,
436 1425 606 1475 relicto
643 1426 951 1495 Polyphemo
979 1462 995 1483 ,
1034 1426 1117 1492 qui

126 1496 336 1545 Puerum
357 1495 552 1546 otiosius
569 1498 912 1566 pervestigaret
929 1534 939 1544 .
962 1500 1116 1546 Dece-

125 1567 242 1616 dens
279 1580 443 1617 autem
481 1569 653 1617 accolis
690 1586 879 1617 morem
918 1569 1118 1635 reliquit

126 1639 284 1706 Hylae
300 1635 591 1688 sacrificandi
605 1644 740 1702 juxta
754 1637 938 1689 fontem
955 1661 969 1701 3
984 1638 1115 1706 quod

130 1706 243 1756 curn
263 1709 487 1758 Sacerdos
509 1707 723 1760 efficeret
740 1747 754 1767 ‚
786 1711 927 1758 illum
946 1724 1016 1758 ter
1035 1729 1117 1777 ap-⁷

128 1779 308 1847 pellare
331 1776 495 1828 solitus
523 1794 625 1829 erat
644 1817 660 1838 ,
697 1783 834 1847 eique
865 1780 1118 1829 totidem-³

130 1848 332 1897 vocibus
360 1850 490 1899 Echo
528 1848 848 1917 respondens,
883 1851 1122 1917 Hylam-‚

128 1918 364 1969 reddebat
379 1956 389 1966 .
409 1921 552 1968 Hanc
571 1919 788 1968 fabulam
811 1919 947 1968 brevi
965 1922 1123 1986 perio-

128 1989 193 2037 do
225 1991 604 2054 complectitur,
644 1992 913 2056 alteratque
950 1989 1119 2040 Strabo

126 2058 213 2107 lib.
238 2078 256 2107 1
272 2078 317 2104 2.
341 2060 388 2104 in
407 2057 727 2127 descriptione
744 2062 988 2128 Bithyniae
1005 2099 1020 2120 ,
1036 2061 1120 2109 ubi

129 2126 220 2179 fic:
255 2131 395 2195 Supra
413 2131 663 2200 Prustadem
681 2151 800 2182 mons
817 2134 887 2182 ess?
898 2167 914 2189 ,
937 2131 1118 2202 Argan-

126 2201 304 2250 thonius
325 2206 517 2249 nomine-
551 2200 795 2271 Ibifabulae
821 2202 1001 2252 tradunt
1022 2204 1118 2268 Hy-

126 2273 215 2321 lam
233 2273 436 2321 Herculis
444 2274 610 2340 socium
626 2307 642 2329 ‚
661 2279 736 2340 qui
755 2275 877 2339 Argo
898 2278 1014 2321 navi
1029 2288 1121 2318 cum

127 2363 176 2390 eo
198 2343 354 2392 veHus
370 2342 499 2411 fuit,
533 2342 637 2388 dum
655 2358 855 2409 aquatum
883 2343 1011 2396 exit,
1048 2356 1122 2388 ra-

120 2427 248 2478 ptum
262 2410 402 2482 staff?
420 2421 445 2465 ἁ
464 2412 686 2480 Nymphis
700 2448 710 2457 .
747 2413 873 2463 Cium
890 2414 998 2458 ‘vero
1016 2445 1032 2466 ,
1053 2416 1121 2476 ip„

118 2484 222 2551 sum
246 2491 401 2551 quoque}
431 2485 483 2532 de
489 2485 627 2552 sociis
646 2483 846 2534 Herculis
869 2499 1024 2537 unum,
1050 2502 1118 2531 re-

131 2570 380 2603 vertentem
394 2561 419 2605 ᾶ
432 2555 601 2606 Colchis
615 2590 630 2610 ‚
647 2551 891 2621 urbemfibi
908 2559 1120 2620 cognomi-

132 2642 229 2672 nem
257 2626 397 2675 isthic
428 2624 604 2673 condidi
643 2646 691 2672 e.
727 2625 786 2674 Et
816 2642 925 2673 nunc
959 2633 1119 2694 quoquc}
1169 2638 1198 2685 q

131 2697 248 2758 apud
262 2695 506 2766 Prustenfts
520 2694 777 2764 festivitas
806 2696 992 2762 quedam
1011 2699 1114 2746 cele-

133 2762 285 2814 bratur
302 2802 317 2823 ,
343 2770 399 2817 <9³
419 2783 581 2815 montes
609 2787 700 2815 cum
720 2768 974 2837 Thiasbrum
998 2770 1118 2818 choro

133 2837 471 2902 conscenduntur
483 2873 497 2893 ,
512 2838 729 2906 Hylasque
745 2855 944 2895 vocatur,
958 2840 1129 2909 quastsz'

136 2908 197 2955 ad
214 2927 304 2957 eum
319 2909 616 2976 requirendum
632 2913 680 2956 in
688 2911 854 2977 sylvas
869 2911 1058 2979 ivff’nt
1073 2947 1083 2957 .

135 2977 288 3031 Unde
306 2979 528 3027 Valerius
547 2979 739 3028 Flaccus
756 2979 1115 3050 Argonaut.lib.

144 3064 188 3106 3·
212 3067 261 3096 v.
285 3065 400 3110 595·

209 3121 376 3186 Rursus
405 3120 554 3189 Hylan
569 3154 584 3176 ‚
614 3123 669 3170 ἶν’
696 3123 842 3192 rutfits
871 3123 1021 3191 Hylan
1041 3136 1119 3188 per

282 3192 411 3258 longa
427 3194 664 3241 reclamant

205 3262 365 3312 Avia:
386 3260 802 3331 responfhntsfl‘vae,
820 3268 875 3314 (Υ
890 3280 1011 3333 vaga
1029 3281 1115 3311 cer-

280 3347 348 3380 tat
366 3335 505 3380 imaoo
528 3368 539 3378 .

2087 234 2152 274 61

1168 289 1460 358 Apollonius
1488 287 1547 336 ab
1582 302 1675 335 una
1695 287 1934 357 Nympha
1962 306 2154 360 raptum

1168 362 1364 429 Hylam
1390 358 1584 416 scribit,
1615 375 1762 426 quem
1784 357 2000 427 sequitur
2025 362 2153 430 ipse„

1169 432 1394 482 Valerius
1420 432 1613 479 Flaccus
1632 467 1642 476 .
1684 428 1974 480 Theocritus
1993 445 2151 486 tamen

1168 501 1226 549 ab
1246 504 1299 549 iis
1320 501 1568 558 recedens,
1590 504 1616 550 ἓι
1637 499 1790 550 tribus
1810 504 2059 571 Nymphis
2077 525 2152 555 ra-

1169 586 1308 642 ptum
1326 571 1474 620 tradit
1486 594 1502 633 3
1528 574 1605 621 cui
1626 590 1710 620 nos
1729 574 2005 642 plaudimus
2020 610 2035 632 ,
2073 592 2152 626 ut-

1168 643 1280 712 pot&
1314 640 1473 691 nostro
1514 641 1756 692 Iconismo
1789 645 2024 694 conformi
2041 682 2058 704 ‚
2098 649 2154 696 li-

1168 715 1242 762 cet
1261 712 1538 770 Nicander,
1570 715 1619 763 δε
1640 716 1864 781 Orpheus
1892 719 1918 765 ὲ
1938 716 2158 785 pluribus

1173 785 1424 853 Nymphis
1452 798 1645 852 raptum
1678 799 1932 836 autument
1949 824 1959 834 .

1245 858 1321 909 Ut
1338 857 1488 924 igitur
1513 855 1678 904 nostrae
1698 855 1899 905 Tabulae
1919 857 2156 907 adhaerea-

1170 945 1277 975 mus
1293 964 1310 986 ,
1333 925 1643 993 fabulamque
1665 929 1960 995 applicemus
1974 964 1990 986 ‚
2008 932 2161 977 trium

1173 999 1528 1066 Nympharum
1557 999 1791 1066 imagines
1809 998 2158 1049 animadverti-

1170 1087 1305 1125 mus,
1335 1087 1437 1135 quae
1457 1065 1570 1116 cum
1590 1065 1802 1117 fontibus
1831 1067 2045 1138 praesint,
2074 1088 2159 1119 ve-

1169 1142 1260 1188 luti
1277 1139 1547 1187 fluviorum
1565 1140 1783 1196 numina,
1799 1136 2008 1189 frontem
2024 1158 2164 1188 arun-

1169 1208 1360 1260 dinibus
1377 1209 1625 1258 redimunt
1637 1245 1654 1266 ,
1676 1222 1730 1256 ut
1746 1208 1805 1257 de
1819 1209 1976 1258 fluvio
1997 1211 2160 1260 Ache-

1170 1284 1248 1332 loo
1271 1282 1402 1330 canit
1422 1280 1633 1330 Ovidius
1656 1278 1739 1327 lib.
1755 1299 1805 1339 9.
1825 1282 2157 1349 Metamorph.

1346 1351 1533 1422 Cumstc
1550 1351 1817 1420 Calydonius
1839 1355 1986 1400 amnis

1240 1426 1409 1490 Coeplt,
1439 1428 1660 1473 inornatos
1682 1423 1913 1473 redimitus
1944 1421 2161 1472 arundine

1313 1498 1452 1545 crines
1474 1533 1484 1542 .

1169 1567 1410 1635 Virgilius
1424 1569 1540 1615 item
1555 1564 1614 1614 de
1627 1565 1823 1634 Tyberi
1838 1561 2163 1613 AEneid.lib.8.

1343 1637 1454 1687 Eum
1468 1642 1612 1686 tenuis
1626 1640 1778 1704 glauco
1798 1635 1984 1686 velabat
2004 1633 2167 1682 amiilu

1241 1707 1452 1775 Carbafits
1470 1743 1487 1763 ,
1517 1712 1573 1756 &⁶
1599 1711 1740 1756 crines
1772 1706 1969 1773 umbrosa
1998 1704 2168 1772 tegebat

1320 1777 1482 1826 arundo
1505 1811 1516 1823 .

1176 1848 1238 1894 Et
1258 1847 1384 1897 inter
1402 1848 1495 1895 alia
1518 1842 1719 1912 insignia
1737 1880 1754 1902 ,
1785 1842 1957 1910 quibus
1989 1841 2166 1895 idem-³

1177 1918 1402 1966 Valerius
1419 1916 1611 1964 Flaccus
1631 1915 2009 1982 arguit‚Hylam
2026 1931 2168 1980 aqua-

1173 2003 1285 2034 rum
1301 1990 1466 2037 Deum
1481 1982 1705 2034 futurum
1721 1981 1827 2032 fore
1841 2017 1857 2042 ,
1873 1981 2057 2031 arundo
2073 1981 2170 2045 est3

1175 2059 1241 2106 ait
1258 2060 1391 2107 enim
1413 2055 1497 2105 lib.
1523 2075 1563 2103 1.
1584 2073 1633 2103 v.
1655 2072 1679 2101 2
1696 2058 1772 2102 18.

1339 2128 1499 2181 Subita
1517 2145 1590 2175 cur
1601 2127 1780 2191 pulcher
1799 2124 2013 2173 arundine
2027 2127 2168 2174 crines

1245 2204 1375 2250 Velut
1392 2200 1560 2268 Hylas?
1586 2195 1699 2245 unde
1717 2210 1829 2241 urna
1844 2195 2036 2242 humeris
2048 2228 2064 2251 ,
2094 2199 2165 2244 ni-

1313 2273 1499 2331 veosque
1509 2275 1589 2327 per
1606 2277 1727 2310 artus

1247 2336 1437 2386 Caeruleae
1464 2332 1651 2383 venes?

1177 2405 1413 2454 Notandae
1436 2402 1543 2451 sunt
1563 2403 1713 2451 etiam
1734 2402 1827 2449 illae
1844 2402 1948 2450 duae
1967 2402 2166 2471 amph0-‚

1174 2493 1252 2534 rae,
1271 2492 1476 2543 quarum
1494 2492 1587 2521 una
1611 2474 1748 2520 humi
1767 2477 1917 2535 jacet,
1932 2470 2164 2541 deposita,

1171 2560 1226 2595 ut
1252 2547 1509 2610 conjicitur
1523 2581 1538 2604 ,
1572 2546 1599 2593 ὲ
1631 2544 1855 2612 proxima
1887 2545 2127 2612 Nympha
2144 2581 2161 2603 ,

1202 2617 1264 2665 uo
1287 2614 1482 2667 liberius
1497 2615 1649 2682 Hyla:
1668 2633 1836 2662 manus
1855 2614 2163 2677 admoveret;

1171 2690 1318 2738 altera
1347 2685 1431 2736 sub
1472 2688 1650 2734 laevum
1680 2686 1928 2753 Nymphae
1964 2687 2163 2735 alterius

1171 2760 1391 2809 cubitum
1405 2795 1420 2817 ,
1441 2757 1592 2805 ambae
1613 2775 1784 2824 aquam
1801 2753 2056 2806 fundentes
2069 2793 2084 2816 ,
2105 2770 2161 2804 ut

1171 2831 1382 2896 Najades
1397 2827 1606 2879 fontium
1625 2864 1641 2885 ,
1659 2827 2024 2894 fluviorumque
2043 2845 2157 2895 prae-

1173 2902 1289 2952 fides
1311 2906 1434 2951 Deas
1455 2898 1760 2948 ostenderent
1777 2936 1787 2946 .
1817 2896 2158 2950 Observandus

1172 2972 1238 3024 est
1256 2973 1442 3041 quoq-uc}
1460 2971 1624 3036 Hylas
1637 3006 1653 3028 ,
1682 2988 1853 3021 urnam
1870 2965 2067 3018 dextera
2088 2978 2156 3015 te-

1172 3063 1283 3094 nens
1300 3044 1359 3094 ad
1374 3061 1546 3111 aquam
1565 3042 1876 3092 hauriendam
1892 3075 1908 3096 ,
1923 3039 2003 3103 qui
2020 3038 2157 3084 omni

1172 3114 1276 3164 nisu
1304 3116 1513 3165 luctatur
1530 3149 1546 3172 ,
1576 3125 1630 3160 ut
1648 3111 1895 3180 Nymphae
1918 3109 2046 3155 illius
2071 3118 2155 3156 co-‘

1170 3202 1338 3237 natum
1373 3185 1537 3236 eludat
1556 3221 1572 3242 ,
1607 3201 1708 3249 quae
1736 3179 1969 3248 praecipue}
2000 3179 2047 3224 in
2078 3195 2153 3225 ra·

1172 3272 1309 3327 ptum
1326 3254 1590 3310 exarserat,
1609 3255 1658 3301 ὃ(
1679 3250 1736 3299 de
1753 3267 1845 3317 qua
1862 3250 2020 3316 inquit
2038 3266 2153 3315 prae-

1172 3331 1341 3377 citatus
1358 3323 1673 3393 Apollonius:
2009 3318 2153 3386 Nym-
