2425 3747
773 209 1443 265 CAPvav.
2048 233 2113 281 45

101 310 156 340 ro
189 289 393 345 intexti,
429 281 703 348 sursumque
731 282 897 351 vergi,
935 300 986 330 ac
1012 282 1071 331 ad

100 354 418 431 pyramidem*
441 350 684 423 superficie
712 349 915 400 diffundi
933 389 943 398 .

167 449 216 490 9.
255 429 453 478 Praesens
477 439 583 472 area
609 424 836 491 Figuram
877 423 1070 473 exhibet

99 499 300 553 stantem
326 502 388 550 D.
410 496 538 546 Petri
558 493 908 561 Apostolorum
938 495 1069 543 Prin-

100 573 216 640 cipis
230 607 247 629 ‚
279 570 358 637 qui
378 566 624 616 dexteram
646 566 860 633 Eugenio
878 568 969 615 IV.
986 583 1069 634 ge-

97 641 312 697 nuflexo,
327 656 379 685 ac
394 633 687 686 deosculanti
709 637 931 705 porrigit,
943 632 1072 704 quasi

96 710 282 761 tradens
311 707 471 760 eidem
496 704 714 757 Pontifici
744 708 929 756 claves:
962 705 1070 761 smi-

94 779 185 830 strz'i
204 780 320 832 vero
339 778 518 831 librum
534 815 550 839 ,
577 776 760 829 scilicet
775 778 1067 847 Evangelio-

93 869 233 911 rum‚
271 864 428 900 tenet.

171 943 188 976 1
202 945 245 973 0.
285 920 586 989 Exprimitur
605 922 652 967 in
675 921 760 969 hac
777 939 884 970 area
904 919 1069 968 S.Pau·

92 997 163 1044 lus
181 1031 198 1052 ,
234 994 315 1058 qui
335 987 533 1041 dextera.
552 988 713 1041 ensem
732 1028 748 1048 ,
777 986 957 1041 finistrz‘i
990 990 1069 1037 iti-

90 1063 203 1114 dem
226 1060 407 1115 librum
428 1073 561 1110 tenet
575 1097 585 1107 .
614 1061 697 1109 Ad
713 1062 854 1129 pedes
870 1080 953 1109 vas
973 1057 1039 1109 est
1053 1095 1069 1117 ‚

87 1151 171 1203 per
190 1132 321 1200 quod
340 1129 659 1200 repraesentari
679 1145 798 1199 puto
820 1151 903 1181 vas
920 1127 1069 1187 illud,

87 1205 147 1254 de
179 1221 275 1270 quo
304 1205 352 1250 in
380 1202 494 1250 Αξὶ.
524 1201 692 1269 Apost.
722 1220 762 1249 c.
787 1220 838 1261 9-
874 1218 950 1263 15.
983 1199 1066 1250 ubi

87 1276 327 1324 Dominus
350 1271 476 1320 dixit
495 1273 697 1319 Ananiae
719 1307 730 1318 .
771 1273 891 1324 Vade
911 1309 927 1331 ‚
963 1291 1065 1341 quo-

87 1350 205 1396 niam
224 1360 311 1396 vas
326 1342 550 1394 debitionis
569 1343 638 1393 eff
653 1343 767 1392 mihi
781 1345 884 1395 iste.
901 1345 1067 1404 Quem

82 1417 249 1467 locum
276 1415 478 1484 exponit
512 1415 554 1460 S.
585 1411 796 1463 Iiidorus
825 1413 1067 1464 Pelufiota

83 1484 167 1535 lib.
188 1505 237 1550 4.
270 1482 480 1554 Epistola
511 1482 570 1532 ad
590 1481 959 1554 Arsenuphium
981 1485 1067 1534 Le-

81 1555 270 1607 storem
289 1553 378 1607 sub
396 1572 529 1606 num.
547 1560 629 1605 80.
650 1551 858 1606 scilicet:
880 1559 968 1608 Vas
984 1559 1067 1606 ele-

83 1627 244 1679 Hionis
264 1662 279 1685 ,
315 1625 437 1676 idei?
459 1626 637 1676 elec‘lum
667 1628 782 1678 mihi
807 1628 878 1680 ef?
896 1628 987 1679 ifle
1004 1663 1015 1675 .

163 1717 182 1745 1
199 1717 240 1745 1.
268 1714 343 1746 12.
375 1698 487 1747 Hoc
505 1697 1068 1767 Parallelogrammuma

83 1765 297 1816 divisum
318 1763 384 1815 est
409 1769 458 1814 in
482 1765 597 1815 duas
617 1781 771 1837 partes
793 1805 804 1814 .
834 1773 891 1818 In
913 1767 1067 1836 primii

82 1835 263 1904 fignatzi
287 1854 421 1884 num.
452 1855 470 1883 1
487 1856 527 1883 1.
562 1838 820 1885 exhibetur
838 1835 1066 1904 ingressus

81 1907 378 1973 Legatorum
391 1905 669 1974 AEthiopum
688 1906 737 1952 in
755 1904 944 1959 Urbem
964 1909 1065 1966 Ro-

82 1994 212 2024 mam
245 1994 368 2025 anno
416 1994 561 2039 1441.
592 2012 608 2034 ,
645 1994 853 2043 quorum
887 1993 1063 2046 prima—

84 2048 181 2096 rius
213 2047 432 2095 Andreas
460 2048 502 2092 S.
543 2048 750 2096 Antonii
783 2045 939 2097 Abas:
969 2048 1063 2095 mi-

80 2115 204 2166 serat
225 2118 355 2166 enim
380 2117 620 2184 Eugenius
637 2116 698 2166 ad
718 2119 857 2177 illos,
891 2135 1065 2187 nempe

81 2187 141 2236 ad
153 2186 399 2257 Jacobitas
421 2188 692 2238 Orientales
707 2225 724 2247 ,
760 2189 1070 2241 Albe1·tum-‚

80 2259 373 2307 Minoritam
401 2292 418 2315 ‚
456 2271 510 2305 ut
539 2255 733 2308 eosdem
757 2261 783 2309 ἓι
815 2258 1065 2313 schismate

81 2342 364 2387 revocaret,
391 2329 441 2380 &
460 2327 519 2377 ad
543 2329 812 2379 Catholicae
836 2334 1065 2381 Romanae

81 2396 286 2464 Ecclefie
305 2401 535 2448 unionem
551 2400 821 2463 reduceret3
835 2404 914 2469 qui
933 2420 1063 2471 egre-

80 2472 154 2539 gie
180 2468 353 2518 navata
382 2469 527 2539 opera
548 2468 788 2539 profecit,
823 2486 878 2522 ut
904 2474 1055 2541 Lega-

81 2554 154 2589 tos
179 2541 238 2588 ad
259 2543 515 2591 Summum
533 2541 818 2592 Pontificem
849 2562 938 2614 pro
971 2546 1056 2593 hac

81 2612 257 2660 unione
292 2611 590 2679 impetranda
622 2615 877 2664 mitterent
905 2651 916 2661 .
959 2615 1051 2666 Le·

83 2682 183 2750 gati
219 2682 366 2749 igitur
409 2682 467 2731 ad
505 2684 840 2734 Florentinum
884 2688 1058 2736 Conci-

82 2754 204 2800 lium
245 2767 577 2802 convenerunt
607 2791 622 2812 ,
661 2756 712 2806 ὃ(
754 2757 801 2804 in
842 2761 1059 2827 Congre-

79 2824 270 2891 gatione
293 2820 455 2871 habita
489 2823 567 2878 die
601 2843 681 2875 21.
702 2828 908 2895 Augusti
939 2827 1060 2893 ejus-

81 2894 194 2942 dem
223 2895 333 2942 anni
351 2929 368 2951 ,
405 2895 454 2941 in
471 2912 562 2961 qua
596 2896 921 2948 interfuerunt
938 2901 1059 2950 Pon·

81 2963 202 3014 tifex
221 3000 237 3022 ,
268 2983 320 3012 ac
340 2963 621 3021 Cardinales
642 3004 660 3027 ‚
696 2971 873 3038 aliique
898 2973 1065 3042 Magi--

83 3033 162 3084 stri
194 3037 245 3087 δε
267 3036 501 3085 Doctores
517 3072 538 3094 ,.
559 3037 689 3087 idem
715 3040 846 3090 Abas
867 3059 1063 3111 compa-

83 3107 182 3153 ruit
203 3142 220 3165 ,
271 3109 322 3157 &
363 3108 565 3176 Syriaco
607 3107 839 3164 idiomate
864 3151 881 3172 ,
931 3112 1061 3181 quod

83 3177 232 3223 etiam
260 3179 308 3225 in
329 3178 557 3227 Latinum,
577 3182 859 3234 translatum
874 3182 1030 3234 suerat
1043 3221 1065 3243 „

83 3243 153 3295 sui
173 3246 402 3298 adventus
433 3248 624 3311 causas,
661 3268 863 3318 quarum
895 3257 1056 3323 praeci-

1126 301 1220 353 pua
1237 293 1339 331 erat
1363 276 1556 351 praefata
1577 278 1716 333 Unio
1739 280 2016 351 AEthiopum
2030 279 2119 354 Ja-'

1125 353 1399 404 cobitarum
1417 368 1530 399 cum
1551 348 1762 400 Ecclesia
1784 355 2023 413 Romana,
2037 374 2114 405 ex-

1124 422 1283 494 posuit
1311 461 1323 471 .
1376 423 1537 489 Qiar&
1573 421 1844 487 huJ'usmodi
1886 427 2112 492 petitioni

1124 495 1328 563 benigne
1357 490 1540 542 affenfit
1573 495 1814 565 Eugenius
1845 493 2072 546 Pontifex
2099 534 2118 557 ,

1123 579 1178 613 ut
1198 567 1246 613 in
1264 563 1465 614 secunda
1485 578 1617 631 parte
1635 602 1650 624 ,
1669 564 1849 635 {ignata
1872 584 2006 615 num.
2028 585 2110 617 12.

1124 634 1208 686 ubi
1225 633 1397 684 vifitur
1417 635 1540 702 Papa
1563 634 1744 695 sedens,
1766 638 1847 705 qui
1869 637 2005 688 Fidei
2020 635 2115 688 for-

1123 707 1309 755 mulam
1341 704 1490 754 tradit
1524 704 1683 755 eidem
1715 708 1865 756 Abati
1886 745 1898 756 .
1937 707 2110 760 Histo-

1124 780 1204 826 riae
1232 776 1404 828 seriem
1432 777 1647 826 invenies
1666 778 1793 846 apud
1816 778 2114 829 laudatum-3

1124 846 1445 917 Raynaldum
1465 847 1523 897 ad
1546 866 1724 897 annum
1753 867 1899 914 1441.
1922 869 2110 900 numa.

1123 921 1174 971 &
1194 919 1317 987 seqq.
1344 917 1525 970 Ambas
1549 919 1637 969 has
1659 924 1828 970 Icones
1859 919 2117 989 separatim

1123 993 1172 1040 in
1191 992 1417 1059 ampliori
1447 986 1602 1044 forma
1621 988 1853 1059 expressas
1890 994 2115 1043 invenies

1123 1063 1274 1111 etiam
1304 1060 1432 1125 apud
1452 1059 1639 1110 dictum
1663 1060 1986 1113 Lambecium
2008 1064 2115 1113 loco

1122 1134 1272 1182 citato
1291 1125 1394 1197 post
1409 1144 1515 1194 pag.
1543 1143 1660 1191 504.

1191 1197 1512 1253 Procedamus
1532 1198 1681 1246 modo
1713 1197 1772 1246 ad
1794 1200 2006 1251 alterum
2028 1203 2113 1250 Pa-

1122 1273 1573 1341 rallelogrammum
1593 1305 1609 1326 ,
1648 1268 1778 1336 quod
1800 1271 1849 1318 in
1867 1284 1962 1321 tres
1983 1273 2116 1322 divi-

1122 1343 1282 1394 dimus
1313 1341 1572 1398 sectiones,
1603 1339 1685 1389 seu
1713 1358 1942 1392 numeros
1963 1379 1976 1390 .
2016 1347 2116 1397 In.‚

1123 1417 1180 1465 iis
1214 1411 1522 1482 designantur
1555 1412 1653 1460 duo
1693 1412 1861 1482 Legati
1893 1411 2022 1462 miffi
2059 1433 2121 1465 ex

1123 1499 1257 1556 parte
1313 1486 1520 1534 duarum
1568 1485 1845 1533 Nationum
1874 1520 1892 1543 9
1942 1503 2119 1556 nempe

1123 1557 1500 1614 Chaldaeorum,
1537 1555 1588 1606 &
1622 1557 1987 1604 Maronitarum
2008 1593 2025 1616 ,
2054 1557 2120 1608 ad

1122 1623 1478 1679 Sanstiffimum
1502 1623 1788 1676 Pontificem
1806 1628 2082 1696 Eugenium
2101 1666 2120 1689 ,

1121 1701 1204 1768 qui
1231 1697 1342 1748 cum
1363 1699 1422 1747 de
1441 1697 1726 1746 eunitarum
1752 1699 2034 1747 animarum
2050 1698 2116 1749 sa-

1122 1773 1224 1818 lute
1244 1767 1386 1818 valde
1403 1763 1514 1816 esset
1532 1764 1744 1816 solicitus
1760 1804 1778 1825 9
1810 1772 1911 1831 jam
1931 1783 2041 1819 ante
2060 1773 2113 1819 in

1121 1844 1352 1904 Cyprum
1389 1836 1641 1884 Andream
1671 1836 2112 1908 Archiepiscopum

1122 1902 1440 1957 Colocensem
1462 1901 1662 1952 miserat
1677 1940 1694 1962 ,
1718 1921 1771 1954 ut
1790 1908 1851 1954 ad
1867 1910 2115 1959 Orthodo-

1120 1995 1188 2026 xae
1209 1975 1345 2025 Fidei
1366 1975 1633 2042 puritatem
1654 1975 1757 2023 illas
1781 1978 2022 2027 Nationes
2044 1996 2116 2030 re-

1121 2049 1320 2099 duceret
1331 2068 1346 2108 3
1365 2045 1509 2112 quare
1527 2047 1594 2102 ii,
1619 2047 1701 2112 qui
1724 2043 1937 2095 Nestorii
1954 2047 2116 2101 haerefi

1120 2115 1328 2185 eousque
1346 2114 1523 2164 imbuti
1543 2113 1736 2165 fuerant
1752 2154 1772 2176 ,
1797 2118 1880 2166 vel
1899 2121 2112 2172 Macarii

1122 2191 1427 2258 impietatem
1444 2184 1787 2254 sequebantur,
1802 2185 1999 2238 easdem
2019 2192 2112 2241 hae-

1120 2259 1241 2311 reses
1257 2296 1277 2319 ,
1313 2256 1541 2308 suadente
1559 2256 1660 2326 ipso
1681 2257 1880 2308 Andre&
1899 2260 2105 2312 Archie-

1121 2331 1315 2403 piscopo
1332 2367 1353 2388 ,
1387 2328 1606 2394 abjurare
1626 2328 1979 2379 decreverunt.
2017 2332 2108 2381 Ti-

1117 2403 1370 2454 motheum
1389 2402 1537 2470 igitur
1555 2400 1900 2450 Chaldaeorum
1920 2404 2106 2454 Metro-

1112 2475 1316 2545 politam
1330 2509 1347 2531 ,
1375 2473 1425 2523 δε
1445 2473 1601 2519 Eliam
1618 2469 1914 2542 Episcopum
1936 2475 2104 2524 Maro-

1111 2549 1342 2602 nitarum,
1361 2543 1420 2592 ad
1436 2540 1763 2611 profitendam
1783 2545 2003 2592 omnium
2020 2564 2104 2595 ,no-

1112 2619 1243 2667 mine
1266 2615 1573 2666 Catholicam
1604 2614 1776 2665 Fidem
1803 2632 1965 2664 coram
1997 2619 2099 2665 Ro-=

1112 2706 1255 2738 mano
1271 2684 1499 2735 Pontifice
1514 2722 1530 2744 ,
1554 2687 1719 2753 illique
1740 2687 1830 2734 rite}
1849 2705 1903 2735 ac
1924 2685 2099 2736 demis-

1113 2762 1157 2810 se
1177 2756 1505 2809 obedientiam
1527 2755 1838 2825 praestandam
1853 2794 1871 2815 9
1888 2755 2100 2825 designa-

1115 2844 1227 2880 runt
1259 2868 1270 2877 .
1323 2829 1639 2899 Legationem
1677 2825 1884 2897 suscepit
1922 2828 2098 2878 Timo··²

1114 2904 1279 2958 theus,
1315 2901 1440 2948 Elias
1473 2896 1590 2949 vero
1622 2897 1705 2948 suo
1741 2901 1937 2949 nomine
1969 2898 2097 2947 Isaac

1114 2972 1387 3041 delegavit.
1425 2972 1495 3021 Hi
1530 2968 1672 3020 ambo
1704 2972 1751 3019 in
1779 2973 2094 3019 Romanam-2

1114 3043 1307 3098 Urbem
1322 3078 1340 3100 ,
1364 3039 1445 3090 ubi
1466 3056 1579 3090 tunc
1598 3043 1843 3111 Eugenius
1862 3037 2096 3107 degebat,

1114 3116 1376 3183 equitantes
1396 3111 1586 3182 ingreffi
1603 3150 1618 3172 ,
1656 3113 1740 3161 sub
1766 3131 1811 3159 n.
1838 3125 1916 3170 15.
1945 3108 2095 3158 osten-

1113 3185 1295 3236 duntur
1316 3221 1327 3232 .
1367 3185 1462 3233 Sub
1484 3203 1615 3233 num.
1638 3200 1712 3239 13·
1751 3180 1902 3228 iidem
1922 3197 2089 3244 reprae-

1109 3253 1383 3310 sentantur,
1399 3255 1479 3319 qui
1498 3253 1558 3302 ad
1581 3250 1722 3317 pedes
1742 3249 1952 3297 Romani
1968 3249 2090 3297 Pon-

1996 3316 2088 3365 tifi-
