2425 3747
693 237 1521 294 -CAPUTVLJ'

2044 261 2106 309 51

92 317 188 386 fibi
206 315 431 383 fipultttrae
459 313 641 381 officium
669 311 920 362 exhiberent
945 351 955 361 .
994 314 1029 364 S
1033 335 1072 362 e·
1128 312 1280 369 rium,
1314 309 1399 359 nifi
1418 309 1525 379 ipsae
1545 309 1694 358 literae
1712 309 2006 370 indicarent,
2026 333 2103 365 me

106 388 238 437 eund&
252 422 266 443 ,
303 402 350 433 ut
376 385 684 450 ctimspiritum
711 388 948 443 emitteret,
988 401 1073 432 ma·
1127 384 1296 430 lateret
1315 382 1512 430 omnino
1530 416 1540 427 .
1560 385 1615 430 In
1637 381 1799 430 medio
1820 383 1956 446 hujus
1972 385 2105 433 locu-

104 461 271 527 lignum
300 456 536 505 sathanam
567 471 649 500 non
681 453 886 502 videret.
928 455 1073 505 Porro

1132 452 1328 500 lamenti
1349 451 1599 520 conspicua
1615 451 1680 500 est
1701 450 1970 502 Beatiffima
1990 456 2107 504 Vir-

105 530 200 577 haec
226 545 324 593 quae
353 528 399 571 in
423 525 559 572 Petro
579 525 695 592 legis
715 559 730 579 ‚
767 525 899 574 vides
919 528 966 572 in
989 543 1073 572 no-
1129 540 1222 590 ἕο,
1251 522 1406 570 veluti
1431 524 1479 569 in
1498 523 1708 588 quodam
1726 525 1898 573 throno
1918 523 2083 574 sedens
2099 561 2110 572 .

104 599 196 647 stro
232 592 467 645 Iconismo
489 629 504 650 ,
541 593 623 641 ubi
644 592 841 644 Gabriel
862 596 1075 664 Angelus

103 671 128 718 e
154 667 279 715 coelo
311 661 554 713 descendit
572 699 588 722 ‚
626 680 772 711 manu
798 667 977 732 aliquid
1009 663 1076 713 fe-

101 756 204 786 rens
224 772 239 793 ,
279 734 407 801 quod
438 730 623 782 fortasse
654 734 810 801 palma
831 735 896 784 est
917 773 926 782 .
966 735 1079 786 Col-

100 808 233 874 loqui
263 808 410 855 etiam
432 824 541 853 cum
558 806 778 872 proxima
798 808 970 875 Figura
1003 806 1076 854 vi-

101 877 243 926 detur
257 913 272 934 ‚
288 895 388 943 quae
408 875 595 923 brachia
611 878 885 942 protendit,
901 897 953 925 ac
968 893 1076 944 pro-

100 949 178 996 cul
200 947 349 996 dubio
372 943 694 993 Beatiffimam
716 949 966 1014 Virginem
987 947 1075 993 ali-

98 1037 195 1086 qua
225 1016 284 1064 ab
314 1018 505 1082 Angelo
545 1014 865 1083 postulantem
903 1013 1074 1088 fignifi-

101 1101 178 1137 cat
197 1124 207 1133 .
246 1091 526 1142 Feretrum‚
547 1086 675 1152 quoi
694 1084 889 1134 inferius
905 1088 969 1135 est
985 1123 1001 1144 ,
1027 1087 1077 1136 &

98 1156 230 1226 quod
258 1158 478 1205 nonnulli
507 1155 842 1213 circumstant,
881 1155 1078 1205 denotat

97 1226 243 1297 ipfius
256 1229 471 1295 Virginis
486 1226 830 1274 dormitionem
844 1262 860 1283 ,
877 1228 926 1276 ὃς
944 1231 1077 1295 Apo-

98 1299 241 1348 stolos
260 1295 616 1345 circumstantes
629 1331 645 1352 ,
665 1296 892 1345 &laudes
908 1300 1077 1346 Mariae

99 1383 317 1418 canentes
337 1404 347 1413 .
386 1368 566 1415 Literas
588 1365 703 1414 vero
724 1369 993 1416 M.G.S.M.
1017 1365 1076 1425 (fi

93 1440 310 1488 divinari
328 1435 393 1485 fas
413 1435 511 1500 est)
539 1433 601 1484 fic
630 1437 870 1505 legerem:
909 1439 1075 1490 Mariae

94 1509 285 1560 Gabriel
289 1507 519 1577 fignificat
545 1523 723 1556 mortem
741 1546 756 1567 ‚
796 1509 912 1558 idest
945 1524 1072 1558 tran-

93 1578 246 1628 situm
271 1597 330 1627 ex
360 1581 448 1627 hoc
469 1577 649 1626 mundo
668 1615 678 1625 .
719 1585 1076 1630 Verumtamen

100 1652 152 1696 in
179 1650 263 1695 hac
292 1651 562 1696 narratione
593 1652 710 1697 certi
741 1650 923 1717 aliquid
950 1649 1077 1699 affir-

101 1736 228 1766 mare
251 1737 345 1765 non
365 1718 518 1766 audeo
533 1754 550 1774 ,
572 1721 764 1786 Figuras
786 1735 1079 1770 tantummo-

103 1789 166 1836 do
187 1784 438 1836 declarasse
458 1801 732 1837 contentus.

172 1863 246 1907 X.
274 1859 367 1903 His
384 1858 630 1920 explicatis
650 1892 665 1908 ‚
707 1875 952 1904 remanent·
971 1880 1081 1920 qua-

96 1940 212 1975 tuor
233 1924 423 1992 anguli,
442 1924 490 1969 in
509 1938 713 1988 quorum
735 1922 893 1989 primo
911 1960 927 1981 ,
947 1942 1080 1972 nem-

95 2015 159 2064 pe
178 1998 223 2042 in
239 2007 371 2062 parte
392 1991 652 2059 superlori,
686 1989 866 2060 signato
890 1995 960 2042 lit.
981 2000 1044 2046 X.
1062 2030 1079 2052 ,

98 2064 272 2113 visitur
292 2060 504 2112 Christus
524 2063 570 2107 in
592 2062 765 2111 throno
789 2061 948 2114 sedens
969 2103 984 2124 ,
1022 2084 1076 2113 ac

97 2134 489 2185 benediftionem
508 2134 814 2199 impartiens,
851 2153 962 2184 cum
989 2138 1076 2183 tri·-

92 2205 189 2255 bus
215 2205 414 2272 Angelis
440 2204 498 2252 ad
525 2201 775 2251 dexteram
792 2240 807 2261 ,
845 2207 1076 2256 totidem-

96 2293 193 2343 que
226 2275 285 2323 ad
319 2271 548 2323 sinistram
568 2310 585 2331 ,
624 2272 778 2341 ipsum
805 2281 1076 2326 veneranti-

89 2346 187 2394 bus
207 2382 218 2391 .
258 2346 456 2413 Legitur
478 2362 535 2392 ex
554 2357 754 2410 utraque
781 2361 912 2411 parte
935 2349 1079 2416 hym-

99 2433 188 2466 nus
214 2416 508 2483 Angelicus,
548 2415 629 2480 qui
659 2417 708 2464 ὃς
741 2416 962 2487 Trifizgios
995 2438 1078 2487 ap-

94 2486 309 2556 pellatur
323 2521 339 2542 ,
359 2484 416 2532 ab
433 2484 677 2553 Apostolis
696 2485 964 2547 institutus,
990 2491 1040 2540 &
1055 2494 1081 2539 a.

101 2560 155 2604 B.
170 2554 397 2604 Pontifice
413 2557 547 2604 Sixto
561 2559 599 2604 Ι.
619 2554 851 2607 stabilitus
863 2596 878 2617 ,
896 2559 1074 2609 videli-

100 2640 203 2675 cet:
235 2626 448 2683 Sant‘ltts,
471 2628 657 2678 santius
672 2662 688 2682 ‚
715 2629 900 2679 Sanfius
920 2631 1075 2680 Domi-

93 2716 182 2745 nus
218 2697 339 2747 Deus
362 2696 574 2748 Sabaoth:
605 2702 729 2762 pleni
743 2701 852 2766 fimt
885 2704 992 2753 Coeli
1021 2706 1074 2753 ᾤ’

88 2767 243 2817 :Terra
263 2769 409 2835 gloria
432 2786 506 2816 tua
525 2806 540 2826 ,
578 2770 755 2838 Ofiznna
774 2805 789 2827 ,
825 2771 1074 2823 benediffus

70 2834 73 2838 ’
100 2842 175 2905 qui
189 2842 321 2887 venit
335 2841 425 2887 &a
443 2857 543 2904 quae
563 2842 735 2888 ultima
755 2840 900 2890 verba
917 2847 1077 2912 Ange*

102 2911 261 2958 lorum
280 2908 363 2956 alis
383 2906 588 2958 obducta
610 2908 739 2958 sunt.
773 2914 915 2961 Circa
935 2916 1077 2964 Chri-

5 3005 14 3012 -
84 2976 161 3026 ¹sti
180 2979 381 3026 Domini
409 2993 550 3047 caput
577 2982 802 3050 leguntur
834 2984 951 3032 haec:
987 2985 1078 3054 Ego

107 3049 184 3097 lux
201 3047 372 3098 Mundi
390 3085 400 3095 .

90 3149 92 3153 ,
171 3121 230 3166 Y.
269 3123 327 3169 In
345 3120 519 3184 angulo
541 3119 600 3168 ad
619 3118 850 3171 sinistram
869 3159 886 3180 ,
923 3126 995 3172 lit.
1015 3128 1072 3173 Y.

92 3185 311 3254 signato,
345 3186 621 3259 Affumptio
652 3193 704 3237 Β.
724 3195 891 3242 Mariae
911 3197 1078 3264 Virgi-

99 3260 170 3306 nis
192 3258 477 3322 exhibetur3
513 3259 641 3328 quod
663 3261 857 3327 quidem
885 3264 1077 3333 Myste-
1119 3284 1122 3286 ·

88 3342 91 3345 ’
178 3327 325 3378 Ραν.Ῑ.

1131 591 1212 640 Ad
1227 590 1476 641 dexteram
1493 593 1588 641 duo
1605 596 1784 662 Angeli
1800 612 1911 642 cum
1926 594 2115 654 ‚duabus

1132 661 1379 711 arboribus
1394 699 1410 720 ,
1447 661 1749 730 totidemque
1770 665 1830 714 ad
1851 663 2081 715 finistram
2096 700 2113 722 ,

1133 752 1185 780 ac
1206 730 1410 799 desuper
1438 733 1632 781 titulus:
1662 736 1954 785 ASVNTA
1988 734 2112 786 EST

1133 806 1213 852 IN
1239 804 1433 852 CELV.
1465 804 1637 872 legito:
1675 810 1725 853 in
1744 809 1891 857 Celum
1909 844 1919 853 .

1215 876 1277 921 Z.
1329 877 1386 923 In
1420 875 1597 942 angulo
1629 873 1831 926 dextero
1866 876 2117 934 inferiori,

1131 944 1202 991 lit.
1227 947 1290 992 Z.
1310 942 1492 1012 fignato
1509 981 1523 1001 ‚
1558 942 1636 994 sex
1656 949 1832 997 veteris
1863 948 1982 1016 legis
2001 947 2115 1003 Pro'-

1130 1015 1280 1081 phetae
1298 1014 1699 1082 repraesentantur
1713 1054 1729 1075 ,
1756 1033 1810 1066 ut
1826 1036 1884 1067 ex
1906 1018 2118 1067 nomini-

1130 1084 1216 1133 bus
1235 1082 1371 1152 super
1388 1084 1626 1133 adnotatis
1647 1125 1657 1133 .
1690 1089 1860 1137 Media
1879 1091 2029 1138 etiam
2051 1089 2118 1137 in·

1132 1168 1206 1204 ter
1224 1173 1375 1203 unum
1391 1156 1442 1205 &
1461 1156 1670 1204 alterum
1688 1156 1861 1204 Palmae
1881 1157 2022 1205 arbor
2047 1153 2117 1204 as·

1131 1223 1310 1293 surgit,
1326 1244 1469 1292 quam
1485 1225 1671 1293 semper
1687 1227 1735 1273 in
1757 1227 1957 1295 pisturis
1973 1244 2121 1295 appo-

1130 1314 1242 1345 nere
1261 1296 1439 1345 Christi
1460 1295 1645 1345 Fideles
1666 1295 1990 1357 consuevere;
2010 1314 2120 1344 nam

1129 1385 1268 1436 penes
1288 1364 1410 1434 ipsos
1430 1384 1517 1435 pro
1538 1367 1914 1436 hieroglyphico
1930 1403 1946 1425 ,
1965 1379 2020 1415 ut
2042 1366 2125 1415 ali-

1130 1439 1177 1486 bi
1194 1437 1379 1487 dicium
1398 1437 1493 1495 est,
1514 1434 1804 1489 habebatur:
1834 1458 1893 1490 ex
1909 1456 2001 1506 qua
2019 1437 2124 1485 ani-

1129 1505 1464 1558 madversione
1493 1509 1805 1577 colligimus,
1843 1511 1924 1558 has
1955 1509 2126 1558 valvas

1131 1581 1272 1649 long&
1290 1592 1398 1629 ante
1420 1578 1736 1629 millesimum
1756 1580 1987 1630 conflatas
2004 1574 2124 1626 fuis-

1130 1651 1175 1700 se
1193 1687 1203 1696 .
1244 1653 1305 1698 Et
1323 1651 1437 1703 licet
1461 1653 1511 1699 in
1532 1653 1799 1717 exemplari
1820 1650 1996 1699 habeas
2019 1649 2127 1697 illo*-

1131 1738 1241 1767 rum
1257 1723 1454 1766 nomina
1474 1751 1492 1772 ,
1521 1717 1837 1765 nihilominus
1861 1718 1975 1765 cum
1992 1718 2125 1766 lestu

1134 1784 1438 1858 perdifficilia
1467 1782 1586 1842 sint,
1623 1788 1949 1854 nonnullaque
1986 1805 2124 1837 com-

1134 1857 1359 1920 pendiose
1376 1852 1618 1909 incisa,hic
1637 1872 1691 1901 ea
1711 1871 1927 1923 repetere
1944 1875 2042 1905 non
2055 1859 2124 1905 in-

1134 1939 1404 1990 congruum
1433 1920 1785 1973 existimamus.
1826 1925 2123 1994 Subsequen-

1131 1995 1199 2042 t-ia
1220 1994 1370 2062 igitur
1383 1990 1520 2042 sunt:

1132 2101 1361 2148 AMOS
1398 2099 1874 2150 PROPHETA.

1135 2170 1616 2220 SOPHONIAS
1651 2171 2122 2228 PROPHETA.·

1133 2242 1568 2291 ZACARIAS
1615 2240 2104 2296 PROPHETA.

1122 2311 1396 2382 JoHEL
1448 2311 1940 2362 PROPHETA.

1132 2383 1526 2431 MICHEAS
1572 2382 2057 2434 PROPHETA.

1134 2453 1267 2502 Sexti
1288 2452 1406 2502 vero
1431 2470 1611 2502 nomen
1632 2451 1761 2503 deest
1777 2491 1788 2500 .

1203 2525 1253 2571 A
1272 2527 1336 2572 A.
1376 2527 1433 2572 In
1466 2521 1648 2572 sinistro
1687 2521 1906 2574 inferiori
1942 2528 2118 2595 angulo

1130 2597 1224 2643 litt.
1242 2596 1306 2642 A.
1324 2596 1388 2642 A.
1407 2591 1592 2663 fignato
1612 2631 1629 2652 ,
1667 2593 1777 2643 sunt
1804 2597 1906 2644 aliae
1935 2596 2015 2646 sex
2043 2599 2118 2649 Fi-

1127 2684 1253 2736 gurae
1289 2682 1401 2713 cum
1437 2665 1644 2715 totidem
1681 2664 1930 2715 arboribus
1946 2703 1963 2724 ,
2000 2671 2119 2718 anti«

1128 2755 1244 2805 quos
1259 2736 1515 2804 Prophetas
1531 2738 1648 2786 item
1668 2733 1925 2786 referentes
1940 2773 1958 2795 ,
1988 2753 2040 2788 ut
2056 2757 2117 2791 ex

1129 2805 1404 2857 nominibus
1423 2804 1729 2876 superpositis
1744 2843 1761 2864 ,
1796 2805 2010 2860 scilicet:

1275 2918 1324 2960 A
1363 2915 1399 2960 B
1442 2915 1490 2960 A
1531 2915 1574 2962 C
1612 2915 1665 2963 H
1704 2917 1754 2963 V
1791 2916 1867 2964 C.

1262 2986 1297 3052 J
1336 2987 1383 3033 o
1425 2986 1476 3031 Ν
1514 2986 1563 3031 A
1601 2986 1656 3032 S.

1273 3056 1320 3101 D
1357 3057 1406 3103 A
1444 3056 1495 3102 N
1532 3058 1558 3103 I
1595 3056 1632 3101 E
1670 3055 1737 3102 L.

1128 3124 1452 3190 Reliquorum
1494 3126 1645 3174 trium
1685 3124 1881 3172 nomina
1928 3117 2107 3173 defide-

1134 3207 1330 3244 rantur.

1587 3334 1704 3382 G2
1890 3306 1895 3311 ’
1992 3335 2107 3384 CA-
