2482 3742
635 291 672 339 C
741 289 787 336 A
858 289 897 338 P
970 286 1019 338 U
1089 283 1138 335 T
1232 284 1527 338 XXVIII.

103 357 151 404 S.
179 354 416 421 Gregorio
444 350 767 404 verisimiliter
788 354 1072 423 compositus

100 421 195 473 fuit
219 426 389 474 eodem
417 440 537 470 anno
561 439 674 483 593.
706 438 759 472 ut
779 443 836 474 ex
855 432 952 489 ejus
973 428 1071 493 epi-

102 493 220 542 stola
246 511 324 555 50.
344 492 425 540 lib.
444 511 488 539 2.
518 495 691 544 Indici.
712 499 804 545 XI.
825 515 925 563 quae
948 498 1074 545 cadit

102 565 154 611 in
192 562 395 612 eundem
431 580 606 611 annum
636 586 647 613 ε
696 570 825 628 cujus
856 565 1073 633 Epistolae

102 646 241 681 tenor
265 630 355 681 est:
392 632 561 682 Fratres
578 641 661 684 mei
676 671 691 692 ,
727 640 800 702 qui
823 655 979 685 mecum
988 634 1072 703 fit·

101 705 334 753 miliariter
358 706 536 752 ‘vivunt
555 739 570 760 ,
605 711 720 754 omni
749 707 865 754 modo
889 726 952 756 me
964 726 1072 755 com-

96 777 264 839 pellunt
278 774 422 839 aliqua
438 773 489 821 de
505 772 744 826 Miraculis
761 778 941 828 Patrum
955 813 970 835 ‚
989 797 1073 846 quae

99 848 150 893 in
165 841 430 910 Italiasaft‘a
456 844 713 896 audivimus
729 882 745 907 ,
768 847 851 916 sitb
869 847 1071 898 brevita-

100 913 336 982 teftribere
350 917 438 963 &a
457 917 515 960 Su
522 914 725 983 pposito,
741 918 868 984 quod
883 921 943 966 D.
956 920 1075 967 Gre-

100 985 259 1050 gorius
280 1002 361 1052 per
379 983 472 1031 haec
491 997 706 1056 tempora
720 989 955 1037 Miracula
969 985 1075 1036 scri-

100 1053 245 1121 pserit
259 1088 275 1109 ,
305 1054 790 1108 animadvertendum
807 1058 898 1116 est,
917 1057 1073 1127 ipsum

100 1125 147 1196 iii
169 1122 340 1172 eodem
369 1120 451 1171 lib.
476 1141 520 1184 3.
546 1129 719 1198 Dialog.
749 1147 849 1195 cap.
871 1142 949 1185 30.
976 1125 1071 1177 dis-

98 1193 253 1241 ierere
268 1228 285 1250 ,
321 1192 451 1261 qu&d
479 1213 577 1248 ante
595 1199 815 1250 biennium
826 1195 1074 1247 Ecclesia...

100 1264 149 1309 in
174 1261 357 1312 Subura
382 1261 529 1318 fuerit
546 1267 602 1316 ab
621 1271 799 1317 Ariana
820 1265 972 1318 haeresi
994 1285 1073 1317 ex-

99 1344 319 1400 purgata:
339 1330 401 1382 fic
420 1336 470 1395 id
485 1336 704 1384 accidisse
724 1337 970 1402 colligitur
990 1356 1070 1384 an-

99 1420 162 1449 no
193 1418 308 1463 591.
327 1402 504 1453 &ideo
530 1419 638 1456 ante
664 1401 1071 1455 consecrationem

100 1470 313 1520 Ecclesiae
332 1476 375 1520 S.
391 1475 604 1524 Severini
624 1499 639 1537 3
667 1474 794 1544 quod
815 1475 959 1523 etiam
981 1474 1072 1523 alia

100 1541 372 1604 conjeffturz'i
405 1541 657 1604 firmatur,
691 1563 801 1594 nam
830 1545 878 1591 in
913 1543 995 1592 lib.
1025 1559 1070 1601 3.

100 1611 418 1680 Epistolarum
439 1614 612 1665 Indici.
629 1619 748 1668 XII.
765 1612 942 1663 scilicet
956 1633 1071 1679 594.

100 1679 244 1750 Epist.
269 1701 343 1741 19.
366 1680 528 1732 scribit
556 1686 684 1734 idem
711 1681 928 1734 Pontifex
950 1685 1071 1734 Leo-

103 1755 152 1800 ni
171 1753 460 1821 Acolytho,
488 1757 564 1803 cui
592 1751 846 1806 Ecclesiam
875 1756 919 1802 S.
938 1758 1070 1823 Aga·

100 1823 191 1870 thae
226 1823 565 1874 commendat:
602 1844 659 1875 ex
692 1830 823 1888 cujus
852 1824 1069 1891 Epistola:

99 1893 304 1944 lestione
332 1894 614 1953 deducitur,
643 1902 738 1959 jam
757 1906 894 1943 antea
918 1892 1067 1962 ipsam

99 1959 359 2013 Ecclesiam
388 1964 708 2015 consecratam
725 1964 862 2012 fuisse
880 1999 892 2011 .

172 2034 356 2104 Qinto
372 2050 652 2101 argumento
667 2072 681 2094 ,
711 2036 757 2082 in
775 2051 868 2101 quo
891 2034 1068 2084 Nardi-

96 2120 184 2152 nus
205 2118 368 2170 negat,
393 2108 691 2155 Ricimerum
709 2107 943 2154 Asianum
960 2103 1070 2153 fuis-

96 2171 174 2232 se,
197 2179 295 2237 jam
325 2172 459 2244 supra
481 2172 806 2245 respondimus
825 2210 840 2231 ‚
877 2174 1067 2242 quando

97 2242 157 2292 de
189 2242 392 2295 secundo
420 2244 751 2296 disseruimus.

169 2313 312 2364 Sext&
334 2313 525 2376 asserit,
561 2331 652 2366 tres
683 2314 866 2385 prom-Cis
894 2315 1079 2383 Regio-r

96 2401 176 2435 nes
191 2383 329 2433 fuisse
349 2387 548 2437 Arianas
566 2424 579 2435 .
602 2389 712 2436 Hoc
734 2399 1070 2453 argumentum

97 2456 254 2524 potius
286 2470 447 2505 contra
479 2460 651 2514 illum,
687 2458 830 2522 quam
865 2468 1071 2505 con-tra..

98 2543 181 2573 nos
206 2522 351 2583 facit,
379 2541 433 2574 ut
452 2526 664 2575 diximus
680 2529 727 2574 in
748 2538 941 2592 quarto.

167 2596 379 2663 Septimo
417 2610 696 2666 argumento
717 2633 735 2654 ,
764 2598 811 2643 in
847 2613 940 2662 quo
974 2596 1073 2653 ait,

98 2666 240 2713 aliam
255 2702 273 2724 ‚
300 2683 394 2715 non
415 2667 532 2716 lianc
553 2664 809 2716 Ecclesiam
836 2667 925 2713 αδ.
946 2667 1072 2715 Gre-

98 2737 233 2804 gorio
272 2733 329 2783 ab
366 2739 660 2787 Asianorum
695 2734 799 2784 labe
839 2752 1076 2803 expurga-a

98 2820 226 2862 tam,
262 2807 319 2854 eo
339 2808 464 2873 quod
493 2810 603 2857 alias
627 2807 834 2855 haeretici
858 2806 1072 2853 Ricime-

98 2877 141 2924 ri
168 2892 340 2924 nomen
365 2897 458 2927 non
479 2875 741 2945 reliquisset
761 2878 807 2923 in
827 2874 1075 2924 decentio-

98 2947 139 2993 ri
158 2945 266 2995 loco
282 2980 298 3002 ,
322 2942 383 2994 sic
402 2949 673 3017 responderi
692 2944 949 2995 commode
970 2942 1077 3011 pos-;

96 3012 380 3065 seexistinio
397 3052 407 3063 .
435 3022 636 3069 V'eteres
663 3013 911 3066 Pontifices
937 3031 1074 3063 non.»

96 3086 218 3134 adeo
230 3087 473 3152 proclives
484 3086 614 3138 fuere
631 3089 678 3135 in
695 3085 933 3135 abolendis
950 3082 1076 3133 Gen}

94 3155 266 3203 tilium
288 3160 664 3223 memoriis‚quin
683 3156 793 3206 cum
810 3154 1081 3205 Catholicae

95 3224 230 3279 Fidei
249 3227 685 3299 nbii‹repugnabant
699 3246 774 3276 eas
795 3227 1068 3274 tolerarent.

96 3295 402 3363 Nam25ust1ue,‚
423 3299 482 3349 ad
511 3295 664 3347 nostra
686 3310 913 3367 ⁴tempora
937 3293 1077 3345 vidi·

1994 301 2086 342 271

1125 371 1229 403 mus
1248 358 1295 403 in
1319 354 1511 403 Basilica
1531 352 1761 400 Siciniana
1776 386 1792 409 ,
1821 351 1879 399 de
1905 370 1992 416 qua
2011 352 2086 400 su-

1127 442 1208 493 pra
1235 429 1385 493 Capp.
1410 428 1528 475 VII.
1549 424 1599 472 &
1619 425 1843 473 XXVII.
1866 418 2084 469 disserui-

1126 512 1230 543 mus
1253 531 1269 552 ,
1306 496 1459 543 varias
1487 491 1694 541 extitisse
1728 487 1940 559 profanas
1969 488 2084 556 figu-

1125 582 1195 612 ras
1207 599 1222 621 ,
1239 583 1338 630 quae
1355 561 1571 612 fidelium
1593 575 1771 611 mentes
1789 580 1814 607 a
1831 558 2088 609 devotione

1125 633 1428 682 avertebant:
1454 633 1760 680 nihilominus
1790 627 1899 676 cum
1925 630 2088 677 Eccle-

1123 702 1195 751 siae
1210 717 1428 752 ornatum
1445 699 1728 769 respicerent
1741 737 1757 758 ,
1784 701 1884 747 illas
1904 699 2089 747 relic‘tas

1123 771 1285 822 fuisse.
1313 773 1450 823 Idem
1475 770 1735 820 dicendum
1764 767 1969 816 arbitror
2001 769 2090 819 de„-

1125 844 1321 891 nomine
1346 843 1575 890 Ricimeri
1592 876 1606 897 ‚
1636 839 1801 888 relisto
1831 840 1878 885 in
1903 835 2090 888 mufivo

1127 930 1297 980 opere,
1325 910 1478 979 quod,
1503 910 1612 959 cum
1629 927 1721 958 non
1742 906 1858 957 esset
1875 925 2090 957 nomen.»

1127 979 1411 1049 antesignani
1430 982 1653 1038 haeretici,
1674 977 1738 1027 ibi
1758 979 1978 1028 reli<f³tum
1993 975 2092 1028 fue-

1125 1054 1188 1101 rit
1204 1088 1220 1109 ,
1250 1069 1307 1100 ne
1326 1049 1565 1099 musivum
1585 1068 1701 1117 opus
1729 1047 2059 1116 deturparetur
2073 1084 2084 1094 .

1125 1123 1290 1172 Aliam
1319 1121 1429 1169 addi
1456 1120 1583 1188 posse
1614 1117 1930 1181 conjesturam
1960 1117 2087 1182 judi-

1126 1211 1214 1249 co,
1248 1207 1416 1258 nempe
1443 1191 1675 1239 Ricimeri
1708 1206 1883 1236 nomen
1914 1190 1961 1235 in
1991 1190 2085 1235 Ca-

1124 1262 1415 1311 tholicorum
1432 1261 1707 1329 exemplum
1731 1258 1948 1307 reli<stum
1974 1252 2089 1303 fuis-

1124 1329 1199 1388 se,
1226 1330 1285 1378 ad
1306 1348 1394 1380 eos
1422 1329 1718 1386 edocendos,
1749 1329 1950 1393 qualiter
1985 1343 2092 1393 erga

1129 1401 1366 1448 Divinum
1385 1401 1568 1448 cultum
1595 1395 1998 1462 Ecclefiarumque
2018 1412 2092 1442 or-

1127 1481 1294 1517 natum
1312 1466 1396 1535 ipsi
1418 1467 1460 1517 se
1475 1468 1696 1518 exhibere
1717 1464 1972 1523 deberent,
1985 1461 2093 1513 cum

1124 1541 1174 1590 &
1192 1533 1421 1588 Haeretici
1443 1539 1531 1587 hoc
1551 1537 1757 1587 facerent
1778 1571 1789 1581 .

1195 1607 1440 1659 ORavum
1470 1607 1678 1657 diximus
1706 1608 1754 1654 in
1789 1603 1977 1654 Suburae
2015 1606 2092 1657 de-

1125 1678 1376 1746 scriptione
1402 1675 1673 1740 confistere3
1707 1674 1784 1727 sed
1808 1674 1866 1728 de
1887 1676 1967 1724 hae
1987 1674 2094 1726 satis

1127 1749 1432 1800 disseruimus
1451 1784 1462 1795 .

1211 1816 1363 1868 Nobis
1395 1816 1451 1865 ab
1479 1816 1727 1867 enodando
1760 1817 1850 1865 hoc
1885 1814 2093 1865 diversa-

1120 1907 1229 1939 rum
1255 1889 1536 1955 opinionum
1563 1887 1688 1937 nodo
1709 1887 1901 1935 tandem
1927 1885 2096 1934 libera-

1121 1962 1179 2009 tis
1194 1996 1209 2018 ,
1238 1956 1468 2025 superest,
1496 1971 1550 2006 ut
1567 1959 1624 2007 ad
1641 1953 1813 2005 musivi
1834 1958 1987 2023 operis
2015 1974 2096 2006 ex-

1122 2030 1426 2100 plicationem
1445 2045 1529 2095 pro
1544 2027 1757 2076 instituto
1771 2027 2095 2076 deveniamus.

1195 2101 1356 2162 Hujus
1376 2095 1554 2145 Musivi
1576 2100 1757 2165 operis,
1773 2095 1899 2162 quod
1920 2094 1999 2143 sual
2018 2114 2098 2146 ve·

1123 2167 1294 2218 tustate
1312 2186 1399 2215 con
1410 2164 1677 2234 sumptum,
1697 2168 1793 2214 ruit
1806 2183 1926 2213 anno
1954 2184 2097 2226 1592.

1126 2239 1361 2288 memoria
1380 2235 1564 2305 peniti‘is
1585 2232 1918 2304 periisset,nifi
1939 2233 2100 2284 sedula

1127 2309 1377 2378 diligenda
1400 2306 1630 2356 Francisci
1654 2308 1772 2356 Pena
1795 2309 1936 2353 Sacrae
1964 2308 2100 2353 Rotae

1126 2377 1368 2446 quondam
1395 2376 1648 2426 Auditoris
1676 2412 1692 2434 ,
1734 2371 1952 2441 illiusque
2002 2377 2099 2424 De-

1124 2450 1262 2506 cani,
1296 2449 1599 2513 antiquorum
1634 2458 2099 2495 monumentorum.»

1127 2514 1429 2568 amantiffimi
1442 2552 1458 2575 ,
1471 2514 1772 2573 occurrisset,
1791 2515 2002 2581 illudque
2031 2531 2103 2565 an-

1129 2602 1322 2656 tequam
1340 2588 1517 2655 periret
1535 2587 1764 2637 delineari
1780 2582 1990 2648 juffiffet.
2023 2584 2102 2634 Ab

1127 2664 1222 2723 ejus
1264 2658 1566 2726 exemplari,
1600 2656 1728 2724 quod
1763 2672 1887 2702 nunc
1927 2656 1974 2702 in
2023 2657 2101 2703 Bi-

1128 2728 1365 2784 bliotheca
1388 2728 1624 2784 Vaticana
1653 2726 1947 2783 asservatur,
1973 2726 2104 2773 aliud

1129 2800 1212 2848 nds
1248 2797 1542 2865 diagramma
1575 2795 1675 2847 fieri
1715 2796 1987 2844 curavimus
2020 2797 2102 2843 ali-

1128 2869 1413 2935 quantulum
1431 2869 1456 2915 ἒι
1508 2880 1740 2934 rototypo
1757 2867 2069 2913 immutatum
2086 2899 2101 2921 ,

1127 2937 1238 2994 cum
1269 2940 1316 2985 in
1345 2938 1428 2984 illo
1458 2885 1647 3005 lingulae
1677 2932 2019 3003 Apostolorum
2047 2930 2101 2980 fi-

1126 3025 1253 3077 gurae
1275 3003 1364 3054 sint
1381 3003 1631 3074 separatim
1652 3001 1866 3073 expreffae
1880 3039 1897 3062 ‚
1915 3003 1973 3051 ad
1992 3003 2102 3050 alti·

1127 3078 1352 3125 tudinem
1381 3078 1518 3124 unius
1555 3078 1701 3144 palmi
1729 3073 1935 3124 Romani
1965 3074 2017 3122 &
2036 3073 2102 3120 ul·

1126 3162 1225 3196 tra:
1256 3149 1356 3194 Nos
1375 3146 1476 3193 illas
1503 3147 1550 3192 in
1567 3164 1715 3194 unum
1736 3142 2068 3209 collegerimus
2083 3177 2102 3199 ,

1126 3231 1180 3267 ut
1197 3212 1522 3267 verisimiliter
1551 3217 1598 3262 in
1623 3211 1718 3280 ipsa
1737 3210 1953 3259 Tribuna
1976 3225 2102 3259 exta-

1125 3287 1355 3349 bant3hoc
1373 3285 1538 3334 videre
1553 3281 1679 3331 estin
1699 3280 2099 3363 Tab.LXXVJI.

1969 3352 2100 3399 Cum
