2425 3747
341 265 373 310 4
735 241 1950 297 VETERAMONIMENTA

340 333 414 365 aut
451 315 560 366 LX.
598 311 759 364 cubitos
788 351 798 361 .
850 316 915 368 Hi
935 317 1126 377 parietes
1151 318 1310 379 ingen-

337 393 449 437 tium
478 384 799 454 stmulacrorum
834 385 1076 454 sculpturas
1113 381 1275 433 habent
1295 418 1313 439 ,

339 457 533 524 Etruscis
561 494 577 515 ,
615 466 670 507 Θ·
707 459 899 520 antiquis
926 453 1085 502 Graecis
1117 453 1312 519 operibus

330 528 618 596 perfimilium
647 563 657 577 .
711 526 852 575 Extat
892 526 1024 571 etiam
1072 525 1177 575 aedes
1205 542 1312 590 quae-

337 601 439 648 dam
488 599 638 646 multis
687 597 896 644 columnis
930 593 1101 644 §israela
1126 631 1142 653 ‚
1178 594 1314 662 ficati

339 668 546 733 Memphi
562 702 578 722 ‚
615 681 660 712 at
674 664 909 716 Barbarie&
935 661 1141 731 βιόν-ἰωὴ
1180 682 1314 713 natm,

328 753 606 805 praeterquam
650 735 763 803 quod
797 736 992 784 columnae
1036 737 1175 784 multe
1206 737 1316 803 sunt

339 812 394 858 &¹
417 807 584 874 quidem
611 811 806 874 ingentes
831 839 847 860 ,
884 808 938 855 C’J
973 808 1209 871 multiplici
1244 825 1312 853 or-

335 879 439 926 dine
466 878 710 927 constitutae
726 912 739 932 ‚
777 875 898 924 nihil
908 876 1076 942 pifi'um
1093 912 1108 933 ‚
1144 893 1217 925 aut
1230 879 1312 924 ele-

331 966 440 1016 gans
461 947 586 997 habet
607 982 622 1003 ,
648 947 735 1014 sed
746 949 895 1010 potiits
913 951 1086 994 inanem
1104 947 1310 1015 quendam

335 1017 520 1068 laborem
542 1021 686 1085 arguit
704 1053 714 1063 .
756 1018 964 1064 Romani
982 1030 1144 1067 autem
1165 1015 1315 1066 sacros

337 1089 539 1141 Etruriae
556 1089 674 1138 ritus
689 1122 704 1143 ,
725 1101 780 1133 ut
796 1083 1061 1153 plurimum
1078 1124 1094 1145 ,
1120 1089 1313 1135 imitan-

338 1173 436 1214 tes,
469 1176 563 1206 non
592 1154 814 1207 omnibus
845 1158 950 1205 Diis
976 1159 1023 1204 in
1043 1160 1174 1206 omni
1206 1159 1312 1206 loco

337 1229 517 1295 templa
547 1245 721 1295 ponere
742 1226 1126 1289 consueverunt3
1162 1247 1314 1280 nam-2

335 1301 418 1366 qui
434 1299 570 1355 Paci,
585 1299 665 1364 qui
681 1295 928 1345 Pudicitiae
944 1334 960 1357 ,
993 1299 1073 1364 qui
1093 1297 1227 1347 bonis
1243 1317 1314 1347 ar-

336 1367 463 1417 tibus
489 1369 572 1416 Dii
593 1381 824 1436 praeerant
840 1403 857 1425 ,
884 1386 962 1416 eos
990 1370 1114 1416 intra
1135 1372 1315 1422 moenia

336 1437 642 1492 collocandos
673 1435 1004 1489 existimarunt
1031 1460 1042 1492 ;
1082 1441 1163 1505 qui
1199 1441 1316 1489 vero

336 1507 686 1577 voluptatibUS,
703 1510 816 1556 rixis
828 1544 844 1566 ,
861 1508 1089 1558 incendiis
1104 1508 1319 1577 praefide—

335 1579 451 1632 bant
480 1615 496 1638 ,
537 1577 594 1626 ab
635 1577 831 1627 urbibus
872 1579 1191 1630 excludendos
1210 1617 1225 1638 ,
1265 1596 1317 1629 ut

332 1647 433 1698 fuse
455 1649 804 1698 Architediurae
818 1650 1037 1718 Princeps
1054 1654 1314 1704 Vitruvius

337 1720 478 1773 docet
504 1720 581 1768 lib.
611 1739 650 1768 1.
680 1741 714 1768 c.
736 1739 781 1779 7.
801 1718 883 1767 ubi
904 1721 1043 1788 plura
1061 1711 1316 1775 Pliilander

333 1788 646 1839 cruditiffime
661 1825 671 1836 .
714 1791 864 1838 Sicuti
881 1805 1043 1842 autem
1064 1806 1190 1841 certa
1211 1792 1317 1840 loca

335 1862 474 1908 certis
491 1861 595 1907 Diis
613 1862 797 1926 antiqui
823 1858 1047 1928 affignare
1062 1859 1193 1911 fuere
1208 1861 1318 1914 soli-

334 1933 400 1987 ti,
423 1932 488 1977 ita
505 1932 652 1981 etiam
668 1943 795 1978 certa
811 1946 1088 1981 ornamenta
1105 1969 1121 1990 ‚
1141 1932 1314 1981 videli-

335 2013 410 2050 cet
426 2001 507 2052 uni
525 2001 764 2048 Doricum
778 2000 1016 2060 ordinem,
1031 2004 1314 2071 alte1·iJoni-

335 2089 447 2119 cum
465 2107 480 2129 ‚
510 2068 868 2119 sublimioribus
886 2075 1002 2120 vero
1020 2075 1125 2123 Diis
1140 2077 1313 2123 Corin-

333 2142 493 2193 thium
508 2139 907 2197 attribuerunt,ut
920 2140 1083 2196 sedulo
1097 2142 1317 2193 observa-

337 2213 413 2260 vit
437 2213 721 2263 Vincentius
750 2214 995 2262 Scamozzi
1030 2216 1077 2264 in
1103 2213 1183 2262 sua
1211 2214 1314 2265 Idea

336 2282 650 2334 Architeiiurae
668 2297 794 2348 parte
817 2301 861 2329 2.
889 2285 1061 2333 Italico
1080 2285 1313 2335 idiomate

335 2351 539 2420 scrith
573 2371 619 2398 in
652 2371 743 2418 qua
777 2354 974 2422 collegit
1004 2373 1061 2403 ex
1090 2358 1311 2422 antiquo-

337 2441 446 2471 rum
463 2424 762 2490 Scriptorum
779 2424 1141 2475 aquritatibus
1157 2462 1172 2485 ‚
1198 2445 1315 2495 prae-

335 2491 500 2543 sertim
516 2511 572 2542 ex
588 2491 971 2561 Pausania‚plura
986 2493 1183 2565 insignia
1201 2497 1313 2545 aedi-

335 2562 461 2621 ficia,
477 2567 502 2613 a
525 2565 671 2612 variis
690 2562 981 2615 Nationibus
1007 2567 1055 2611 in
1082 2569 1315 2615 honorem

336 2632 562 2682 falsorum
589 2635 872 2691 numinum,
912 2633 1107 2682 diversis
1129 2649 1312 2703 tempo-

337 2703 495 2762 ribus,
515 2700 803 2770 diverfisqtie
819 2704 1167 2757 Architeeturae
1188 2708 1314 2755 ordi—

336 2772 475 2822 nibus
497 2774 761 2825 constructa
777 2811 787 2821 .

410 2845 660 2892 Nonnulla
680 2845 897 2913 exempla
923 2862 980 2897 ex
1008 2848 1314 2899 Vitruvianis

337 2914 512 2982 regulis
540 2916 820 2962 concinnata
861 2912 945 2962 sub
975 2918 1138 2966 oculos
1173 2920 1310 2987 poni-

337 3003 461 3041 mus,
477 3001 575 3051 quae
594 2985 641 3031 in
657 2983 857 3034 Tabulis
871 2988 1084 3036 I.II.III.
1102 2987 1311 3056 conspici
1371 2991 1375 2993 ’

340 3049 550 3123 possunt,
584 3057 730 3107 Nunc
754 3055 813 3104 ad
830 3055 1026 3123 Templi
1045 3077 1216 3117 vocem
1234 3058 1313 3108 de-

339 3124 618 3176 clarandum
633 3161 648 3182 ,
678 3126 726 3172 in
741 3127 981 3193 praecitata
997 3128 1098 3197 lege
1125 3127 1311 3197 expres-

338 3193 466 3250 sam,
499 3194 808 3262 procedamus
825 3232 837 3243 .

409 3263 616 3334 Templa
646 3267 833 3336 propri&
862 3268 889 3318 ὲ
912 3271 1092 3331 tuendo,
1116 3267 1195 3322 seu
1211 3289 1309 3321 con-

1363 314 1605 379 templando
1633 316 1869 382 appel-lata
1897 350 1912 375 ,
1954 332 2006 366 ea
2041 315 2145 363 loca
2175 313 2338 374 fuere,

1365 400 1465 449 quae
1494 388 1667 453 Augur
1698 386 1776 435 vel
1798 386 1846 432 in
1864 385 1983 451 Celo
1999 421 2015 444 ,
2044 386 2124 435 vel
2150 385 2198 433 in
2215 400 2343 436 terra

1365 449 1561 504 notasset
1577 490 1592 510 ,
1617 471 1811 522 quaeque
1843 457 1921 503 vel
1947 453 2212 521 quamlibet
2231 458 2342 521 Celi

1367 537 1551 591 partem
1568 524 1733 575 videre
1750 520 2028 593 possent‚vel
2047 523 2145 593 ipsa
2161 524 2220 576 ab
2239 544 2344 575 om·-

1368 597 1416 643 ni
1445 609 1576 661 parte
1596 593 1753 643 videri
1777 631 1786 640 .
1827 597 1958 644 Hinc
1988 597 2165 660 Celum
2189 594 2347 665 ipsum

1369 663 1650 731 quandoque
1681 666 1918 733 templum
1957 681 2188 716 vocatum
2223 665 2346 726 fuit,

1368 750 1421 783 ut
1449 734 1575 803 apud
1602 736 1837 788 Ennium.

1370 822 1604 859 Contremuit
1617 820 1786 869 templum
1801 835 1969 868 magnum
1984 822 2082 869 Jovis
2095 822 2323 860 altitonantis
2337 853 2348 863 .
2415 857 2420 863 ,

1437 880 1678 925 Ceterum
1700 878 2023 947 Templorum
2052 893 2204 947 parte-s
2231 897 2346 945 qua-

1367 962 1477 996 tuor
1506 944 1640 1007 sunt3
1679 944 1857 996 sinistra
1889 949 1945 999 ab
1964 951 2199 1007 Oriente,
2229 950 2346 997 dex-

1368 1033 1468 1068 tera
1485 1015 1542 1064 ab
1564 1017 1747 1066 Occasu
1762 1053 1778 1077 ,
1808 1021 1964 1067 antica
1980 1020 2041 1069 ad
2057 1018 2349 1080 Meridiem,

1369 1087 1545 1158 postica
1568 1087 1626 1137 ad
1643 1090 2024 1155 Septentrionem
2039 1126 2055 1149 ‚
2078 1103 2131 1137 ut
2146 1083 2346 1138 demon-‘-

1369 1160 1481 1208 strat
1495 1163 1655 1209 Varro
1673 1158 1730 1206 de
1749 1159 1933 1226 Lingua
1950 1161 2098 1207 latina
2111 1160 2191 1210 lib.
2206 1170 2257 1209 6.

1439 1231 1510 1278 Ex
1523 1230 1609 1284 hae
1623 1228 1745 1277 Tem
1751 1230 1945 1297 plorum
1961 1228 2238 1283 definitione
2252 1229 2350 1277 col-

1369 1302 1561 1369 ligimus
1577 1300 1757 1367 templa
1788 1297 1886 1367 ipsa
1913 1299 2091 1367 absque
2102 1301 2204 1352 ullo
2222 1299 2349 1349 testo

1369 1366 1503 1420 fuisse
1525 1407 1541 1428 ,
1581 1369 1706 1419 unde
1740 1372 1915 1434 Celum
1947 1368 2174 1419 facillime
2205 1366 2350 1437 aspici

1373 1436 1533 1511 poffet.
1550 1440 1844 1503 Hujusmodi
1859 1442 2056 1510 Templi
2072 1441 2349 1507 exemplum

1372 1530 1467 1560 non
1483 1513 1649 1579 procul
1679 1515 1705 1561 a
1724 1512 1854 1562 Lacu
1870 1511 2061 1563 Gabino
2088 1508 2346 1578 superiori-

1373 1582 1456 1631 bus
1496 1584 1626 1630 annis
1662 1580 1842 1650 inspexi
1863 1620 1878 1641 ‚
1917 1601 2025 1631 cum
2065 1578 2349 1634 curiositatis

1360 1651 1520 1722 <gratia
1549 1653 1608 1701 ad
1635 1651 1882 1705 invisenda
1908 1655 2216 1719 antiquorum
2247 1652 2347 1697 Ga-

1370 1722 1750 1772 biorumvrudera
1769 1741 1881 1772 cum
1899 1724 2087 1787 CCLL.
2103 1726 2221 1772 VV.
2237 1723 2350 1769 Em-

1371 1794 1588 1842 manuele
1614 1796 1638 1842 a
1665 1792 1971 1843 Schelestrate
2007 1794 2243 1856 Vaticane
2269 1792 2349 1838 Bi-

1373 1864 1619 1913 bliothecae
1634 1861 1931 1921 Praefe&o,ac
1945 1860 2351 1932 RaphaeleAbate

1369 1932 1593 1987 Fabretto
1619 1969 1636 1991 ,
1673 1952 1759 1982 nec
1785 1952 1881 1982 non
1910 1932 2070 1984 Abate
2099 1929 2347 1983 Francisco

1370 2005 1631 2055 Blanchino
1656 2021 1733 2054 me
1754 2000 2053 2055 contulissem
2074 2041 2083 2050 .
2124 2000 2349 2065 Ejusdem

1370 2076 1566 2144 Templi
1580 2074 1999 2143 Ichnographiam‚
2011 2077 2060 2125 ὃς
2081 2074 2346 2139 Orthogra-

1370 2147 1531 2214 phiam
1547 2143 1747 2194 exhibeo
1765 2147 1813 2192 in
1829 2144 2020 2193 Tabula
2038 2149 2075 2194 I.
2094 2142 2177 2192 sub
2193 2145 2293 2210 Fig.
2306 2161 2346 2192 1.

1365 2220 1417 2268 &
1437 2235 1482 2263 2.
1499 2216 1762 2282 Templum
1779 2214 1843 2264 est
1866 2234 1923 2265 ex
1940 2214 2178 2285 lapidibus
2198 2211 2347 2261 Gabi-

1369 2291 1438 2336 nis
1486 2285 1818 2353 quadrilateris
1852 2284 2117 2334 formatum
2149 2320 2165 2341 ,
2218 2280 2347 2350 quod

1368 2371 1586 2426 apertum
1619 2352 1751 2404 fuisse
1780 2357 2027 2425 colligitur
2055 2374 2112 2404 ex
2144 2351 2245 2422 ipso
2273 2355 2346 2399 in-

1367 2424 1518 2498 greffu
1542 2463 1558 2486 ‚
1595 2423 1704 2479 cum
1731 2427 1922 2474 nullum
1956 2428 2100 2474 ullius
2131 2422 2346 2492 epistylii

1368 2498 1654 2565 vestigium,
1685 2492 1782 2546 five
1800 2514 1932 2546 arcus
1960 2498 2173 2565 injanua
2201 2512 2344 2561 appa-

1368 2583 1467 2618 reat
1481 2570 1506 2625 ,’
1535 2564 1612 2618 sed
1633 2565 1690 2613 fit
1718 2581 1877 2633 aperta
1894 2604 1908 2624 ,
1934 2581 1988 2614 ut
2006 2571 2122 2616 Icon
2145 2563 2243 2637 ipsa
2267 2563 2346 2612 de-

1367 2637 1596 2687 monstrat
1623 2672 1638 2693 ,
1676 2637 1725 2686 &
1753 2638 1819 2684 ita
1856 2656 2017 2686 omnes
2050 2635 2344 2687 existimavi·

1368 2727 1510 2768 mus3
1548 2704 1683 2753 sicuti
1721 2708 1770 2756 ὃ(
1804 2721 1912 2757 ante
1944 2703 2199 2777 ingressum
2229 2705 2344 2754 duas

1368 2780 1609 2829 columnas
1628 2776 1825 2826 Ordinis
1843 2779 2087 2828 Corinthii
2107 2815 2123 2837 ,
2149 2795 2207 2826 ex
2237 2777 2342 2824 illa-

1368 2865 1476 2901 rum
1499 2845 1775 2916 fragmentis
1791 2884 1807 2908 ,
1831 2867 1930 2914 quae
1958 2851 2007 2897 in
2025 2849 2246 2917 proximo
2275 2864 2343 2894 re·-

1367 2930 1497 2987 perta
1515 2916 1621 2967 sunt
1635 2953 1650 2975 ‚
1666 2919 1786 2965 olim
1802 2916 1969 2969 stetisse
1987 2917 2253 2969 censuimus
2270 2953 2280 2963 .

1437 2989 1681 3036 Similium
1701 2987 2024 3056 Templorum
2037 2988 2246 3038 formam
2263 2994 2343 3033 an-

1366 3055 1673 3125 tiquiffimam
1691 3056 1776 3107 effe
1790 3074 2011 3126 putamus
2027 3082 2041 3121 3
2070 3061 2117 3106 in
2132 3074 2342 3125 quorum

1364 3129 1534 3184 deinde
1562 3130 1724 3180 locum
1752 3130 1842 3177 alia
1860 3126 2113 3180 succeffisse
2147 3126 2343 3177 testudi-

1361 3218 1420 3249 ne
1435 3237 1451 3257 ,
1475 3197 1571 3248 five
1586 3198 1767 3249 fornice
1783 3216 2010 3269 cooperta
2024 3238 2041 3260 ,
2059 3219 2110 3248 ac
2128 3200 2176 3246 in
2199 3196 2340 3245 testu-

1362 3270 1486 3319 dinis
1500 3270 1796 3330 summitate,
1813 3268 1910 3321 five
1926 3272 2106 3330 medi0‚
2124 3270 2340 3327 unicum,

2177 3341 2226 3391 ὃς
2240 3355 2338 3384 ma-
