<?xml version="1.0" encoding="UTF-8"?>
<!DOCTYPE html PUBLIC "-//W3C//DTD XHTML 1.0 Transitional//EN"
    "http://www.w3.org/TR/xhtml1/DTD/xhtml1-transitional.dtd">
<html xmlns="http://www.w3.org/1999/xhtml" xml:lang="en" lang="en">
 <head>
  <title>
</title>
<meta http-equiv="Content-Type" content="text/html;charset=utf-8" />
  <meta name='ocr-system' content='tesseract 3.04.00' />
  <meta name='ocr-capabilities' content='ocr_page ocr_carea ocr_par ocr_line ocrx_word'/>
</head>
<body>
  <div class='ocr_page' id='page_1' title='image "./joannisciampinir01ciam_0319.png"; bbox 0 0 2482 3742; ppageno 0'>
   <div class='ocr_carea' id='block_1_1' title="bbox 723 273 1497 333">
    <p class='ocr_par' dir='ltr' id='par_1_1' title="bbox 723 273 1497 333">
     <span class='ocr_line' id='line_1_1' title="bbox 723 273 1497 333; baseline -0.014 0"><span class='ocrx_word' id='word_1_1' title='bbox 723 273 1497 333; x_wconf 77' lang='lat' dir='ltr'><strong><em>CAPUTXIX.</em></strong></span> 
     </span>
    </p>
   </div>
   <div class='ocr_carea' id='block_1_2' title="bbox 105 346 1089 3373">
    <p class='ocr_par' dir='ltr' id='par_1_2' title="bbox 107 346 1089 2106">
     <span class='ocr_line' id='line_1_2' title="bbox 212 346 1086 421; baseline -0.014 -12"><span class='ocrx_word' id='word_1_2' title='bbox 212 359 424 410; x_wconf 81' lang='lat' dir='ltr'>Secunda</span> <span class='ocrx_word' id='word_1_3' title='bbox 461 357 631 421; x_wconf 75' lang='lat' dir='ltr'>Figura</span> <span class='ocrx_word' id='word_1_4' title='bbox 665 346 872 400; x_wconf 87' lang='lat' dir='ltr'>formam</span> <span class='ocrx_word' id='word_1_5' title='bbox 899 347 1086 419; x_wconf 81' lang='lat' dir='ltr'>praefert</span> 
     </span>
     <span class='ocr_line' id='line_1_3' title="bbox 112 420 1084 491; baseline -0.012 -12"><span class='ocrx_word' id='word_1_6' title='bbox 112 450 199 479; x_wconf 66' lang='lat' dir='ltr'>are:</span> <span class='ocrx_word' id='word_1_7' title='bbox 229 431 414 491; x_wconf 81' lang='lat' dir='ltr'>majoris</span> <span class='ocrx_word' id='word_1_8' title='bbox 442 428 488 472; x_wconf 92' lang='lat' dir='ltr'>in</span> <span class='ocrx_word' id='word_1_9' title='bbox 521 420 725 471; x_wconf 76' lang='lat' dir='ltr'><strong>Ecclesia</strong></span> <span class='ocrx_word' id='word_1_10' title='bbox 758 426 800 471; x_wconf 88' lang='lat' dir='ltr'>S.</span> <span class='ocrx_word' id='word_1_11' title='bbox 828 427 1003 471; x_wconf 62' lang='lat' dir='ltr'>MARUE</span> <span class='ocrx_word' id='word_1_12' title='bbox 1035 422 1084 467; x_wconf 86' lang='lat' dir='ltr'>in</span> 
     </span>
     <span class='ocr_line' id='line_1_4' title="bbox 110 491 1081 563; baseline -0.01 -14"><span class='ocrx_word' id='word_1_13' title='bbox 110 498 400 554; x_wconf 82' lang='lat' dir='ltr'>Cosmedin,</span> <span class='ocrx_word' id='word_1_14' title='bbox 431 513 529 563; x_wconf 62' lang='lat' dir='ltr'>quae</span> <span class='ocrx_word' id='word_1_15' title='bbox 568 494 808 558; x_wconf 82' lang='lat' dir='ltr'>antiquam</span> <span class='ocrx_word' id='word_1_16' title='bbox 835 491 1081 562; x_wconf 71' lang='lat' dir='ltr'>speciem-³</span> 
     </span>
     <span class='ocr_line' id='line_1_5' title="bbox 111 562 1079 619; baseline -0.008 -2"><span class='ocrx_word' id='word_1_17' title='bbox 111 572 314 618; x_wconf 77' lang='lat' dir='ltr'>aliarum</span> <span class='ocrx_word' id='word_1_18' title='bbox 349 562 708 616; x_wconf 82' lang='lat' dir='ltr'>Confeffionum</span> <span class='ocrx_word' id='word_1_19' title='bbox 743 582 838 613; x_wconf 89' lang='lat' dir='ltr'>non</span> <span class='ocrx_word' id='word_1_20' title='bbox 876 566 1079 619; x_wconf 85' lang='lat' dir='ltr'>retinet,</span> 
     </span>
     <span class='ocr_line' id='line_1_6' title="bbox 111 631 1089 703; baseline -0.008 -16"><span class='ocrx_word' id='word_1_21' title='bbox 111 638 190 689; x_wconf 83' lang='lat' dir='ltr'>sed</span> <span class='ocrx_word' id='word_1_22' title='bbox 210 643 256 687; x_wconf 83' lang='lat' dir='ltr'>in</span> <span class='ocrx_word' id='word_1_23' title='bbox 276 639 437 685; x_wconf 85' lang='lat' dir='ltr'>multis</span> <span class='ocrx_word' id='word_1_24' title='bbox 453 634 640 684; x_wconf 86' lang='lat' dir='ltr'>aberrat</span> <span class='ocrx_word' id='word_1_25' title='bbox 655 669 665 679; x_wconf 92' lang='lat'><strong>.</strong></span> <span class='ocrx_word' id='word_1_26' title='bbox 685 634 827 682; x_wconf 75' lang='lat' dir='ltr'>Porro</span> <span class='ocrx_word' id='word_1_27' title='bbox 844 634 982 703; x_wconf 88' lang='lat' dir='ltr'>super</span> <span class='ocrx_word' id='word_1_28' title='bbox 1004 631 1089 682; x_wconf 81' lang='lat' dir='ltr'>fin·-</span> 
     </span>
     <span class='ocr_line' id='line_1_7' title="bbox 110 707 1087 778; baseline -0.007 -20"><span class='ocrx_word' id='word_1_29' title='bbox 110 712 232 778; x_wconf 86' lang='lat' dir='ltr'>gulis</span> <span class='ocrx_word' id='word_1_30' title='bbox 255 710 486 757; x_wconf 85' lang='lat' dir='ltr'>columnis</span> <span class='ocrx_word' id='word_1_31' title='bbox 509 719 658 753; x_wconf 87' lang='lat' dir='ltr'>turres</span> <span class='ocrx_word' id='word_1_32' title='bbox 682 707 988 772; x_wconf 84' lang='lat' dir='ltr'>campanariae</span> <span class='ocrx_word' id='word_1_33' title='bbox 1019 717 1087 751; x_wconf 87' lang='lat' dir='ltr'>at-</span> 
     </span>
     <span class='ocr_line' id='line_1_8' title="bbox 111 773 1086 844; baseline -0.006 -16"><span class='ocrx_word' id='word_1_34' title='bbox 111 781 350 829; x_wconf 83' lang='lat' dir='ltr'>tolluntur</span> <span class='ocrx_word' id='word_1_35' title='bbox 368 814 383 835; x_wconf 92' lang='lat'>,</span> <span class='ocrx_word' id='word_1_36' title='bbox 420 796 472 825; x_wconf 89' lang='lat' dir='ltr'>ac</span> <span class='ocrx_word' id='word_1_37' title='bbox 500 774 782 844; x_wconf 87' lang='lat' dir='ltr'>epistylium</span> <span class='ocrx_word' id='word_1_38' title='bbox 810 778 857 824; x_wconf 90' lang='lat' dir='ltr'>in</span> <span class='ocrx_word' id='word_1_39' title='bbox 883 773 1086 825; x_wconf 87' lang='lat' dir='ltr'>formam</span> 
     </span>
     <span class='ocr_line' id='line_1_9' title="bbox 111 849 1084 915; baseline -0.005 -18"><span class='ocrx_word' id='word_1_40' title='bbox 111 850 240 898; x_wconf 74' lang='lat' dir='ltr'>arci&#39;is</span> <span class='ocrx_word' id='word_1_41' title='bbox 267 863 525 903; x_wconf 75' lang='lat' dir='ltr'>curvatur,</span> <span class='ocrx_word' id='word_1_42' title='bbox 563 849 610 894; x_wconf 91' lang='lat' dir='ltr'>in</span> <span class='ocrx_word' id='word_1_43' title='bbox 638 851 767 909; x_wconf 87' lang='lat' dir='ltr'>cujus</span> <span class='ocrx_word' id='word_1_44' title='bbox 784 849 965 915; x_wconf 78' lang='lat' dir='ltr'>angulis</span> <span class='ocrx_word' id='word_1_45' title='bbox 984 849 1084 895; x_wconf 88' lang='lat' dir='ltr'>An-</span> 
     </span>
     <span class='ocr_line' id='line_1_10' title="bbox 111 913 1084 985; baseline -0.003 -18"><span class='ocrx_word' id='word_1_46' title='bbox 111 921 355 967; x_wconf 85' lang='lat' dir='ltr'>iiunciatio</span> <span class='ocrx_word' id='word_1_47' title='bbox 377 921 427 965; x_wconf 84' lang='lat' dir='ltr'>B.</span> <span class='ocrx_word' id='word_1_48' title='bbox 449 917 666 985; x_wconf 80' lang='lat' dir='ltr'>Virginis</span> <span class='ocrx_word' id='word_1_49' title='bbox 683 914 877 966; x_wconf 81' lang='lat' dir='ltr'>Mufivo</span> <span class='ocrx_word' id='word_1_50' title='bbox 894 913 1084 984; x_wconf 87' lang='lat' dir='ltr'>opificio</span> 
     </span>
     <span class='ocr_line' id='line_1_11' title="bbox 111 985 1085 1056; baseline -0.005 -18"><span class='ocrx_word' id='word_1_51' title='bbox 111 990 326 1038; x_wconf 60' lang='lat' dir='ltr'>extructa</span> <span class='ocrx_word' id='word_1_52' title='bbox 344 987 434 1036; x_wconf 84' lang='lat' dir='ltr'>est.</span> <span class='ocrx_word' id='word_1_53' title='bbox 473 991 621 1056; x_wconf 83' lang='lat' dir='ltr'>Supra</span> <span class='ocrx_word' id='word_1_54' title='bbox 655 1004 820 1034; x_wconf 89' lang='lat' dir='ltr'>arcum</span> <span class='ocrx_word' id='word_1_55' title='bbox 846 985 1085 1055; x_wconf 85' lang='lat' dir='ltr'>fastigium</span> 
     </span>
     <span class='ocr_line' id='line_1_12' title="bbox 112 1055 1089 1127; baseline -0.003 -22"><span class='ocrx_word' id='word_1_56' title='bbox 112 1062 354 1127; x_wconf 80' lang='lat' dir='ltr'>prominet</span> <span class='ocrx_word' id='word_1_57' title='bbox 368 1094 384 1115; x_wconf 89' lang='lat'>,</span> <span class='ocrx_word' id='word_1_58' title='bbox 411 1060 462 1108; x_wconf 83' lang='lat'>&amp;</span> <span class='ocrx_word' id='word_1_59' title='bbox 480 1060 528 1105; x_wconf 88' lang='lat' dir='ltr'>iri</span> <span class='ocrx_word' id='word_1_60' title='bbox 544 1060 769 1125; x_wconf 83' lang='lat' dir='ltr'>tympani</span> <span class='ocrx_word' id='word_1_61' title='bbox 787 1058 947 1113; x_wconf 83' lang='lat' dir='ltr'>medio</span> <span class='ocrx_word' id='word_1_62' title='bbox 967 1055 1089 1105; x_wconf 87' lang='lat' dir='ltr'>orbi·-</span> 
     </span>
     <span class='ocr_line' id='line_1_13' title="bbox 111 1124 1085 1196; baseline -0.002 -20"><span class='ocrx_word' id='word_1_63' title='bbox 111 1131 281 1178; x_wconf 88' lang='lat' dir='ltr'>cularis</span> <span class='ocrx_word' id='word_1_64' title='bbox 295 1127 492 1180; x_wconf 82' lang='lat' dir='ltr'>fenestra</span> <span class='ocrx_word' id='word_1_65' title='bbox 508 1127 756 1196; x_wconf 87' lang='lat' dir='ltr'>panditur,</span> <span class='ocrx_word' id='word_1_66' title='bbox 776 1146 828 1174; x_wconf 84' lang='lat' dir='ltr'>ac</span> <span class='ocrx_word' id='word_1_67' title='bbox 849 1124 1085 1179; x_wconf 78' lang='lat' dir='ltr'>decuffato</span> 
     </span>
     <span class='ocr_line' id='line_1_14' title="bbox 112 1196 1083 1264; baseline -0.003 -17"><span class='ocrx_word' id='word_1_68' title='bbox 112 1197 306 1248; x_wconf 79' lang='lat' dir='ltr'>fornicis</span> <span class='ocrx_word' id='word_1_69' title='bbox 335 1213 499 1248; x_wconf 89' lang='lat' dir='ltr'>centro</span> <span class='ocrx_word' id='word_1_70' title='bbox 537 1199 674 1245; x_wconf 88' lang='lat' dir='ltr'>turris</span> <span class='ocrx_word' id='word_1_71' title='bbox 703 1198 793 1243; x_wconf 87' lang='lat' dir='ltr'>alia</span> <span class='ocrx_word' id='word_1_72' title='bbox 819 1196 1083 1264; x_wconf 79' lang='lat' dir='ltr'><strong>consurgit,</strong></span> 
     </span>
     <span class='ocr_line' id='line_1_15' title="bbox 113 1268 1081 1338; baseline -0.002 -21"><span class='ocrx_word' id='word_1_73' title='bbox 113 1283 165 1317; x_wconf 86' lang='lat' dir='ltr'>ut</span> <span class='ocrx_word' id='word_1_74' title='bbox 195 1269 291 1338; x_wconf 89' lang='lat' dir='ltr'>ipse</span> <span class='ocrx_word' id='word_1_75' title='bbox 328 1268 657 1318; x_wconf 87' lang='lat' dir='ltr'>delineationis</span> <span class='ocrx_word' id='word_1_76' title='bbox 689 1280 834 1333; x_wconf 84' lang='lat' dir='ltr'>typus</span> <span class='ocrx_word' id='word_1_77' title='bbox 861 1268 1049 1315; x_wconf 84' lang='lat' dir='ltr'>instruit</span> <span class='ocrx_word' id='word_1_78' title='bbox 1069 1303 1081 1315; x_wconf 83' lang='lat'><strong>.</strong></span> 
     </span>
     <span class='ocr_line' id='line_1_16' title="bbox 109 1338 1080 1405; baseline -0.003 -18"><span class='ocrx_word' id='word_1_79' title='bbox 109 1341 291 1387; x_wconf 83' lang='lat' dir='ltr'>Altaris</span> <span class='ocrx_word' id='word_1_80' title='bbox 342 1340 479 1399; x_wconf 89' lang='lat' dir='ltr'>hujus</span> <span class='ocrx_word' id='word_1_81' title='bbox 531 1338 867 1403; x_wconf 79' lang='lat' dir='ltr'>antiquitatem</span> <span class='ocrx_word' id='word_1_82' title='bbox 921 1338 1080 1405; x_wconf 82' lang='lat' dir='ltr'>periu-</span> 
     </span>
     <span class='ocr_line' id='line_1_17' title="bbox 110 1405 1086 1466; baseline -0.002 -10"><span class='ocrx_word' id='word_1_83' title='bbox 110 1407 250 1457; x_wconf 81' lang='lat' dir='ltr'>strans</span> <span class='ocrx_word' id='word_1_84' title='bbox 262 1445 278 1466; x_wconf 90' lang='lat'>,</span> <span class='ocrx_word' id='word_1_85' title='bbox 293 1406 584 1456; x_wconf 88' lang='lat' dir='ltr'>duodecimo</span> <span class='ocrx_word' id='word_1_86' title='bbox 607 1405 772 1456; x_wconf 74' lang='lat' dir='ltr'>saeculo</span> <span class='ocrx_word' id='word_1_87' title='bbox 787 1408 1000 1456; x_wconf 58' lang='lat' dir='ltr'>erectum</span> <span class='ocrx_word' id='word_1_88' title='bbox 1018 1407 1086 1456; x_wconf 90' lang='lat' dir='ltr'>di-</span> 
     </span>
     <span class='ocr_line' id='line_1_18' title="bbox 110 1477 1085 1544; baseline 0.001 -17"><span class='ocrx_word' id='word_1_89' title='bbox 110 1478 206 1527; x_wconf 83' lang='lat' dir='ltr'><strong>dici</strong></span> <span class='ocrx_word' id='word_1_90' title='bbox 227 1479 285 1527; x_wconf 85' lang='lat' dir='ltr'>ab</span> <span class='ocrx_word' id='word_1_91' title='bbox 305 1483 402 1541; x_wconf 89' lang='lat' dir='ltr'>ejus</span> <span class='ocrx_word' id='word_1_92' title='bbox 423 1478 757 1544; x_wconf 81' lang='lat' dir='ltr'>chronologia3</span> <span class='ocrx_word' id='word_1_93' title='bbox 793 1491 840 1525; x_wconf 81' lang='lat' dir='ltr'>at</span> <span class='ocrx_word' id='word_1_94' title='bbox 860 1477 969 1526; x_wconf 73' lang='lat' dir='ltr'>cum</span> <span class='ocrx_word' id='word_1_95' title='bbox 997 1478 1085 1528; x_wconf 64' lang='lat' dir='ltr'>de,</span> 
     </span>
     <span class='ocr_line' id='line_1_19' title="bbox 109 1545 1086 1616; baseline 0 -21"><span class='ocrx_word' id='word_1_96' title='bbox 109 1551 195 1598; x_wconf 82' lang='lat' dir='ltr'>illo</span> <span class='ocrx_word' id='word_1_97' title='bbox 208 1587 224 1608; x_wconf 95' lang='lat'>,</span> <span class='ocrx_word' id='word_1_98' title='bbox 240 1549 391 1616; x_wconf 85' lang='lat' dir='ltr'><strong>deque</strong></span> <span class='ocrx_word' id='word_1_99' title='bbox 405 1545 608 1597; x_wconf 74' lang='lat' dir='ltr'><strong>Ecclesia</strong></span> <span class='ocrx_word' id='word_1_100' title='bbox 627 1549 762 1616; x_wconf 87' lang='lat' dir='ltr'>plura</span> <span class='ocrx_word' id='word_1_101' title='bbox 782 1548 965 1598; x_wconf 59' lang='lat' dir='ltr'>erudit&amp;</span> <span class='ocrx_word' id='word_1_102' title='bbox 984 1549 1086 1597; x_wconf 84' lang='lat' dir='ltr'>scri-</span> 
     </span>
     <span class='ocr_line' id='line_1_20' title="bbox 109 1618 1088 1669; baseline -0.001 -1"><span class='ocrx_word' id='word_1_103' title='bbox 109 1619 191 1668; x_wconf 90' lang='lat' dir='ltr'>bat</span> <span class='ocrx_word' id='word_1_104' title='bbox 206 1621 385 1669; x_wconf 89' lang='lat' dir='ltr'>amicus</span> <span class='ocrx_word' id='word_1_105' title='bbox 405 1618 559 1668; x_wconf 85' lang='lat' dir='ltr'>noster</span> <span class='ocrx_word' id='word_1_106' title='bbox 575 1618 700 1666; x_wconf 85' lang='lat' dir='ltr'>Abas</span> <span class='ocrx_word' id='word_1_107' title='bbox 718 1619 1088 1668; x_wconf 78' lang='lat' dir='ltr'>Bartholomaeus</span> 
     </span>
     <span class='ocr_line' id='line_1_21' title="bbox 110 1685 1083 1755; baseline 0.001 -19"><span class='ocrx_word' id='word_1_108' title='bbox 110 1691 277 1739; x_wconf 81' lang='lat' dir='ltr'>Pia-zza</span> <span class='ocrx_word' id='word_1_109' title='bbox 292 1725 308 1746; x_wconf 93' lang='lat'>,</span> <span class='ocrx_word' id='word_1_110' title='bbox 326 1690 543 1737; x_wconf 79' lang='lat' dir='ltr'>literaria&gt;</span> <span class='ocrx_word' id='word_1_111' title='bbox 562 1685 858 1755; x_wconf 68' lang='lat' dir='ltr'>Reipublicae</span> <span class='ocrx_word' id='word_1_112' title='bbox 879 1688 985 1737; x_wconf 83' lang='lat' dir='ltr'>satis</span> <span class='ocrx_word' id='word_1_113' title='bbox 1000 1708 1083 1737; x_wconf 88' lang='lat' dir='ltr'>no-</span> 
     </span>
     <span class='ocr_line' id='line_1_22' title="bbox 109 1756 1085 1824; baseline -0.001 -17"><span class='ocrx_word' id='word_1_114' title='bbox 109 1773 184 1807; x_wconf 90' lang='lat' dir='ltr'>tus</span> <span class='ocrx_word' id='word_1_115' title='bbox 213 1758 273 1807; x_wconf 91' lang='lat' dir='ltr'>ob</span> <span class='ocrx_word' id='word_1_116' title='bbox 293 1756 439 1806; x_wconf 85' lang='lat' dir='ltr'>sacras</span> <span class='ocrx_word' id='word_1_117' title='bbox 468 1760 751 1814; x_wconf 90' lang='lat' dir='ltr'>memorias,</span> <span class='ocrx_word' id='word_1_118' title='bbox 778 1775 889 1824; x_wconf 89' lang='lat' dir='ltr'>quas</span> <span class='ocrx_word' id='word_1_119' title='bbox 907 1760 1085 1808; x_wconf 75' lang='lat' dir='ltr'>excolit</span> 
     </span>
     <span class='ocr_line' id='line_1_23' title="bbox 107 1828 1083 1897; baseline 0.001 -21"><span class='ocrx_word' id='word_1_120' title='bbox 107 1831 157 1876; x_wconf 88' lang='lat' dir='ltr'>in</span> <span class='ocrx_word' id='word_1_121' title='bbox 175 1828 256 1877; x_wconf 87' lang='lat' dir='ltr'>suo</span> <span class='ocrx_word' id='word_1_122' title='bbox 276 1829 505 1878; x_wconf 56' lang='lat' dir='ltr'>Trackatu</span> <span class='ocrx_word' id='word_1_123' title='bbox 522 1829 592 1877; x_wconf 87' lang='lat' dir='ltr'>De</span> <span class='ocrx_word' id='word_1_124' title='bbox 605 1828 775 1879; x_wconf 71' lang='lat' dir='ltr'>Titulis</span> <span class='ocrx_word' id='word_1_125' title='bbox 788 1828 1083 1897; x_wconf 68' lang='lat' dir='ltr'>Ecclaefiarmn,</span> 
     </span>
     <span class='ocr_line' id='line_1_24' title="bbox 107 1897 1081 1967; baseline -0.001 -21"><span class='ocrx_word' id='word_1_126' title='bbox 107 1900 219 1947; x_wconf 76' lang='lat' dir='ltr'>ideo</span> <span class='ocrx_word' id='word_1_127' title='bbox 258 1897 566 1967; x_wconf 82' lang='lat' dir='ltr'>descriptioni</span> <span class='ocrx_word' id='word_1_128' title='bbox 604 1900 822 1948; x_wconf 88' lang='lat' dir='ltr'>ulteriori</span> <span class='ocrx_word' id='word_1_129' title='bbox 857 1917 1047 1966; x_wconf 86' lang='lat' dir='ltr'>parcam</span> <span class='ocrx_word' id='word_1_130' title='bbox 1066 1935 1081 1956; x_wconf 91' lang='lat'>,</span> 
     </span>
     <span class='ocr_line' id='line_1_25' title="bbox 107 1964 1082 2026; baseline -0.001 -8"><span class='ocrx_word' id='word_1_131' title='bbox 107 1971 165 2018; x_wconf 61' lang='lat' dir='ltr'>ne</span> <span class='ocrx_word' id='word_1_132' title='bbox 184 1968 353 2017; x_wconf 80' lang='lat' dir='ltr'>falcem</span> <span class='ocrx_word' id='word_1_133' title='bbox 375 1971 421 2014; x_wconf 89' lang='lat' dir='ltr'>in</span> <span class='ocrx_word' id='word_1_134' title='bbox 443 1970 645 2016; x_wconf 82' lang='lat' dir='ltr'>alienam</span> <span class='ocrx_word' id='word_1_135' title='bbox 663 1964 865 2017; x_wconf 71' lang='lat' dir='ltr'>messem</span> <span class='ocrx_word' id='word_1_136' title='bbox 885 1972 976 2026; x_wconf 86' lang='lat' dir='ltr'>(ut</span> <span class='ocrx_word' id='word_1_137' title='bbox 996 1971 1082 2017; x_wconf 72' lang='lat' dir='ltr'>in-‚</span> 
     </span>
     <span class='ocr_line' id='line_1_26' title="bbox 108 2037 894 2106; baseline -0.004 -17"><span class='ocrx_word' id='word_1_138' title='bbox 108 2038 278 2106; x_wconf 81' lang='lat' dir='ltr'>adagio</span> <span class='ocrx_word' id='word_1_139' title='bbox 308 2038 407 2101; x_wconf 84' lang='lat' dir='ltr'>est)</span> <span class='ocrx_word' id='word_1_140' title='bbox 435 2038 601 2087; x_wconf 81' lang='lat' dir='ltr'>videar</span> <span class='ocrx_word' id='word_1_141' title='bbox 621 2037 868 2087; x_wconf 85' lang='lat' dir='ltr'>intrudere</span> <span class='ocrx_word' id='word_1_142' title='bbox 883 2074 894 2086; x_wconf 87' lang='lat'><strong>.</strong></span> 
     </span>
    </p>

    <p class='ocr_par' dir='ltr' id='par_1_3' title="bbox 105 2104 1086 3373">
     <span class='ocr_line' id='line_1_27' title="bbox 189 2104 1086 2175; baseline 0.001 -18"><span class='ocrx_word' id='word_1_143' title='bbox 189 2110 434 2158; x_wconf 57' lang='lat' dir='ltr'>Hactenus</span> <span class='ocrx_word' id='word_1_144' title='bbox 466 2104 634 2156; x_wconf 77' lang='lat' dir='ltr'>sensim</span> <span class='ocrx_word' id='word_1_145' title='bbox 660 2106 948 2158; x_wconf 84' lang='lat' dir='ltr'>ostendimus</span> <span class='ocrx_word' id='word_1_146' title='bbox 976 2127 1086 2175; x_wconf 87' lang='lat' dir='ltr'>qua-</span> 
     </span>
     <span class='ocr_line' id='line_1_28' title="bbox 109 2176 1084 2246; baseline -0.001 -18"><span class='ocrx_word' id='word_1_147' title='bbox 109 2183 220 2228; x_wconf 85' lang='lat' dir='ltr'>liter</span> <span class='ocrx_word' id='word_1_148' title='bbox 238 2176 484 2246; x_wconf 84' lang='lat' dir='ltr'>sepulchra</span> <span class='ocrx_word' id='word_1_149' title='bbox 502 2214 517 2235; x_wconf 94' lang='lat'>,</span> <span class='ocrx_word' id='word_1_150' title='bbox 538 2179 822 2245; x_wconf 86' lang='lat' dir='ltr'>illorumque</span> <span class='ocrx_word' id='word_1_151' title='bbox 840 2197 1084 2229; x_wconf 88' lang='lat' dir='ltr'>ornamen-</span> 
     </span>
     <span class='ocr_line' id='line_1_29' title="bbox 107 2248 1083 2317; baseline 0.003 -21"><span class='ocrx_word' id='word_1_152' title='bbox 107 2264 155 2297; x_wconf 83' lang='lat' dir='ltr'>ta</span> <span class='ocrx_word' id='word_1_153' title='bbox 176 2285 190 2307; x_wconf 90' lang='lat'>,</span> <span class='ocrx_word' id='word_1_154' title='bbox 218 2251 375 2317; x_wconf 92' lang='lat' dir='ltr'>paucis</span> <span class='ocrx_word' id='word_1_155' title='bbox 395 2248 563 2297; x_wconf 82' lang='lat' dir='ltr'>ablatis</span> <span class='ocrx_word' id='word_1_156' title='bbox 577 2284 593 2306; x_wconf 88' lang='lat'>,</span> <span class='ocrx_word' id='word_1_157' title='bbox 621 2267 680 2298; x_wconf 78' lang='lat' dir='ltr'>ex</span> <span class='ocrx_word' id='word_1_158' title='bbox 701 2267 793 2296; x_wconf 88' lang='lat' dir='ltr'>una</span> <span class='ocrx_word' id='word_1_159' title='bbox 815 2251 863 2296; x_wconf 90' lang='lat' dir='ltr'>in</span> <span class='ocrx_word' id='word_1_160' title='bbox 883 2251 1083 2299; x_wconf 86' lang='lat' dir='ltr'>alteram</span> 
     </span>
     <span class='ocr_line' id='line_1_30' title="bbox 109 2317 1081 2369; baseline 0.001 -2"><span class='ocrx_word' id='word_1_161' title='bbox 109 2322 354 2369; x_wconf 85' lang='lat' dir='ltr'>nationem</span> <span class='ocrx_word' id='word_1_162' title='bbox 374 2317 665 2368; x_wconf 73' lang='lat' dir='ltr'>transierint:</span> <span class='ocrx_word' id='word_1_163' title='bbox 690 2337 815 2367; x_wconf 85' lang='lat' dir='ltr'>nunc</span> <span class='ocrx_word' id='word_1_164' title='bbox 837 2320 950 2368; x_wconf 75' lang='lat' dir='ltr'>vero</span> <span class='ocrx_word' id='word_1_165' title='bbox 972 2338 1081 2368; x_wconf 88' lang='lat' dir='ltr'>cura</span> 
     </span>
     <span class='ocr_line' id='line_1_31' title="bbox 107 2388 1080 2457; baseline -0.001 -18"><span class='ocrx_word' id='word_1_166' title='bbox 107 2392 199 2439; x_wconf 82' lang='lat' dir='ltr'>erit</span> <span class='ocrx_word' id='word_1_167' title='bbox 217 2390 488 2448; x_wconf 83' lang='lat' dir='ltr'>ostendere,</span> <span class='ocrx_word' id='word_1_168' title='bbox 513 2389 758 2456; x_wconf 77' lang='lat' dir='ltr'>quomodo</span> <span class='ocrx_word' id='word_1_169' title='bbox 784 2388 925 2457; x_wconf 80' lang='lat' dir='ltr'>ipsius</span> <span class='ocrx_word' id='word_1_170' title='bbox 944 2404 1080 2439; x_wconf 78' lang='lat' dir='ltr'>natu-</span> 
     </span>
     <span class='ocr_line' id='line_1_32' title="bbox 107 2459 1082 2528; baseline 0.002 -22"><span class='ocrx_word' id='word_1_171' title='bbox 107 2478 167 2507; x_wconf 71' lang='lat' dir='ltr'>1·ae</span> <span class='ocrx_word' id='word_1_172' title='bbox 196 2461 373 2516; x_wconf 60' lang='lat' dir='ltr'>duciu,</span> <span class='ocrx_word' id='word_1_173' title='bbox 409 2478 508 2526; x_wconf 80' lang='lat' dir='ltr'>quae</span> <span class='ocrx_word' id='word_1_174' title='bbox 536 2462 778 2528; x_wconf 85' lang='lat' dir='ltr'>optimum</span> <span class='ocrx_word' id='word_1_175' title='bbox 805 2459 985 2528; x_wconf 86' lang='lat' dir='ltr'>semper</span> <span class='ocrx_word' id='word_1_176' title='bbox 1006 2480 1082 2528; x_wconf 85' lang='lat' dir='ltr'>ap·-</span> 
     </span>
     <span class='ocr_line' id='line_1_33' title="bbox 108 2528 1079 2598; baseline 0 -20"><span class='ocrx_word' id='word_1_177' title='bbox 108 2532 260 2598; x_wconf 84' lang='lat' dir='ltr'>petit,</span> <span class='ocrx_word' id='word_1_178' title='bbox 288 2533 334 2577; x_wconf 89' lang='lat' dir='ltr'>in</span> <span class='ocrx_word' id='word_1_179' title='bbox 361 2529 614 2597; x_wconf 83' lang='lat' dir='ltr'>sepulchris</span> <span class='ocrx_word' id='word_1_180' title='bbox 632 2528 914 2580; x_wconf 65' lang='lat' dir='ltr'>aedificandis</span> <span class='ocrx_word' id='word_1_181' title='bbox 943 2548 1079 2579; x_wconf 89' lang='lat' dir='ltr'>orna-</span> 
     </span>
     <span class='ocr_line' id='line_1_34' title="bbox 107 2602 1077 2668; baseline 0.002 -20"><span class='ocrx_word' id='word_1_182' title='bbox 107 2615 214 2648; x_wconf 83' lang='lat' dir='ltr'>tum</span> <span class='ocrx_word' id='word_1_183' title='bbox 244 2602 652 2649; x_wconf 85' lang='lat' dir='ltr'>monimentorum</span> <span class='ocrx_word' id='word_1_184' title='bbox 678 2602 726 2650; x_wconf 89' lang='lat' dir='ltr'>in</span> <span class='ocrx_word' id='word_1_185' title='bbox 754 2605 1077 2668; x_wconf 67' lang='lat' dir='ltr'>Martyrum-2</span> 
     </span>
     <span class='ocr_line' id='line_1_35' title="bbox 107 2673 1078 2722; baseline 0.003 -4"><span class='ocrx_word' id='word_1_186' title='bbox 107 2674 395 2720; x_wconf 73' lang='lat' dir='ltr'>memoriam</span> <span class='ocrx_word' id='word_1_187' title='bbox 417 2673 734 2720; x_wconf 77' lang='lat' dir='ltr'>excitatorum</span> <span class='ocrx_word' id='word_1_188' title='bbox 761 2691 831 2722; x_wconf 87' lang='lat' dir='ltr'>ars</span> <span class='ocrx_word' id='word_1_189' title='bbox 860 2674 1078 2721; x_wconf 60' lang='lat' dir='ltr'>aemulata</span> 
     </span>
     <span class='ocr_line' id='line_1_36' title="bbox 107 2739 1078 2810; baseline 0.004 -23"><span class='ocrx_word' id='word_1_190' title='bbox 107 2740 278 2790; x_wconf 86' lang='lat' dir='ltr'>fuerit.</span> <span class='ocrx_word' id='word_1_191' title='bbox 322 2741 508 2790; x_wconf 82' lang='lat' dir='ltr'>Iudicat</span> <span class='ocrx_word' id='word_1_192' title='bbox 537 2739 671 2789; x_wconf 88' lang='lat' dir='ltr'>nobis</span> <span class='ocrx_word' id='word_1_193' title='bbox 709 2742 797 2789; x_wconf 87' lang='lat' dir='ltr'>hoc</span> <span class='ocrx_word' id='word_1_194' title='bbox 832 2745 1003 2810; x_wconf 84' lang='lat' dir='ltr'>Figura</span> <span class='ocrx_word' id='word_1_195' title='bbox 1031 2763 1078 2807; x_wconf 86' lang='lat'>4.</span> 
     </span>
     <span class='ocr_line' id='line_1_37' title="bbox 107 2810 1080 2881; baseline 0.003 -23"><span class='ocrx_word' id='word_1_196' title='bbox 107 2810 306 2860; x_wconf 71' lang='lat' dir='ltr'>Tabulae</span> <span class='ocrx_word' id='word_1_197' title='bbox 329 2813 487 2863; x_wconf 86' lang='lat' dir='ltr'><strong>XLV.</strong></span> <span class='ocrx_word' id='word_1_198' title='bbox 525 2830 623 2878; x_wconf 76' lang='lat' dir='ltr'>quae</span> <span class='ocrx_word' id='word_1_199' title='bbox 652 2810 715 2860; x_wconf 84' lang='lat' dir='ltr'>est</span> <span class='ocrx_word' id='word_1_200' title='bbox 738 2812 896 2880; x_wconf 83' lang='lat' dir='ltr'>imago</span> <span class='ocrx_word' id='word_1_201' title='bbox 927 2811 1080 2881; x_wconf 88' lang='lat' dir='ltr'>sepul-</span> 
     </span>
     <span class='ocr_line' id='line_1_38' title="bbox 107 2880 1081 2952; baseline 0.005 -24"><span class='ocrx_word' id='word_1_202' title='bbox 107 2883 207 2929; x_wconf 88' lang='lat' dir='ltr'>chri</span> <span class='ocrx_word' id='word_1_203' title='bbox 245 2885 291 2929; x_wconf 86' lang='lat' dir='ltr'>in</span> <span class='ocrx_word' id='word_1_204' title='bbox 320 2880 526 2930; x_wconf 88' lang='lat' dir='ltr'>Ecclesia</span> <span class='ocrx_word' id='word_1_205' title='bbox 555 2884 599 2929; x_wconf 89' lang='lat' dir='ltr'>S.</span> <span class='ocrx_word' id='word_1_206' title='bbox 618 2882 861 2931; x_wconf 87' lang='lat' dir='ltr'>Laurentii</span> <span class='ocrx_word' id='word_1_207' title='bbox 893 2884 940 2931; x_wconf 89' lang='lat' dir='ltr'>in</span> <span class='ocrx_word' id='word_1_208' title='bbox 968 2903 1081 2952; x_wconf 86' lang='lat' dir='ltr'>agro</span> 
     </span>
     <span class='ocr_line' id='line_1_39' title="bbox 107 2950 1081 3011; baseline -0.001 -9"><span class='ocrx_word' id='word_1_209' title='bbox 107 2957 303 3003; x_wconf 87' lang='lat' dir='ltr'>Verano</span> <span class='ocrx_word' id='word_1_210' title='bbox 317 2990 332 3011; x_wconf 87' lang='lat'>,</span> <span class='ocrx_word' id='word_1_211' title='bbox 344 2950 424 3001; x_wconf 87' lang='lat' dir='ltr'>seu</span> <span class='ocrx_word' id='word_1_212' title='bbox 441 2965 572 3000; x_wconf 82' lang='lat' dir='ltr'>extra</span> <span class='ocrx_word' id='word_1_213' title='bbox 589 2950 738 3005; x_wconf 87' lang='lat' dir='ltr'>Urbis</span> <span class='ocrx_word' id='word_1_214' title='bbox 753 2971 913 3002; x_wconf 87' lang='lat' dir='ltr'>muros</span> <span class='ocrx_word' id='word_1_215' title='bbox 927 2990 937 3000; x_wconf 85' lang='lat'><strong>.</strong></span> <span class='ocrx_word' id='word_1_216' title='bbox 955 2957 1081 3003; x_wconf 87' lang='lat' dir='ltr'>Con·-</span> 
     </span>
     <span class='ocr_line' id='line_1_40' title="bbox 105 3019 1080 3089; baseline 0.004 -20"><span class='ocrx_word' id='word_1_217' title='bbox 105 3021 303 3089; x_wconf 81' lang='lat' dir='ltr'>spicitur</span> <span class='ocrx_word' id='word_1_218' title='bbox 325 3025 371 3070; x_wconf 90' lang='lat' dir='ltr'>in</span> <span class='ocrx_word' id='word_1_219' title='bbox 392 3019 445 3071; x_wconf 61' lang='lat' dir='ltr'>ea</span> <span class='ocrx_word' id='word_1_220' title='bbox 460 3020 768 3071; x_wconf 75' lang='lat' dir='ltr'>Confeffionis</span> <span class='ocrx_word' id='word_1_221' title='bbox 783 3060 797 3081; x_wconf 95' lang='lat'>,</span> <span class='ocrx_word' id='word_1_222' title='bbox 819 3021 913 3072; x_wconf 81' lang='lat' dir='ltr'>sive</span> <span class='ocrx_word' id='word_1_223' title='bbox 936 3023 1080 3073; x_wconf 90' lang='lat' dir='ltr'>Cibo-</span> 
     </span>
     <span class='ocr_line' id='line_1_41' title="bbox 109 3091 1079 3161; baseline 0.008 -26"><span class='ocrx_word' id='word_1_224' title='bbox 109 3094 167 3138; x_wconf 75' lang='lat' dir='ltr'>rii</span> <span class='ocrx_word' id='word_1_225' title='bbox 198 3091 349 3141; x_wconf 67' lang='lat' dir='ltr'>forma</span> <span class='ocrx_word' id='word_1_226' title='bbox 377 3110 487 3141; x_wconf 83' lang='lat' dir='ltr'>cum</span> <span class='ocrx_word' id='word_1_227' title='bbox 512 3093 747 3142; x_wconf 88' lang='lat' dir='ltr'>columnis</span> <span class='ocrx_word' id='word_1_228' title='bbox 766 3130 781 3151; x_wconf 95' lang='lat'>,</span> <span class='ocrx_word' id='word_1_229' title='bbox 820 3093 1045 3161; x_wconf 82' lang='lat' dir='ltr'>epistylio</span> <span class='ocrx_word' id='word_1_230' title='bbox 1063 3130 1079 3151; x_wconf 90' lang='lat'>,</span> 
     </span>
     <span class='ocr_line' id='line_1_42' title="bbox 109 3163 1079 3232; baseline 0.007 -24"><span class='ocrx_word' id='word_1_231' title='bbox 109 3164 333 3213; x_wconf 86' lang='lat' dir='ltr'>coronide</span> <span class='ocrx_word' id='word_1_232' title='bbox 350 3201 365 3221; x_wconf 93' lang='lat'>,</span> <span class='ocrx_word' id='word_1_233' title='bbox 394 3163 656 3211; x_wconf 89' lang='lat' dir='ltr'>columellis</span> <span class='ocrx_word' id='word_1_234' title='bbox 675 3198 691 3220; x_wconf 90' lang='lat'>,</span> <span class='ocrx_word' id='word_1_235' title='bbox 723 3178 957 3232; x_wconf 87' lang='lat' dir='ltr'>tympano</span> <span class='ocrx_word' id='word_1_236' title='bbox 975 3201 991 3222; x_wconf 89' lang='lat'>,</span> <span class='ocrx_word' id='word_1_237' title='bbox 1030 3167 1079 3215; x_wconf 68' lang='grc' dir='ltr'>ὃ(</span> 
     </span>
     <span class='ocr_line' id='line_1_43' title="bbox 106 3229 1080 3303; baseline 0.006 -25"><span class='ocrx_word' id='word_1_238' title='bbox 106 3229 292 3301; x_wconf 66' lang='lat' dir='ltr'>fastigio</span> <span class='ocrx_word' id='word_1_239' title='bbox 312 3271 327 3292; x_wconf 86' lang='lat'>,</span> <span class='ocrx_word' id='word_1_240' title='bbox 358 3231 622 3299; x_wconf 63' lang='lat' dir='ltr'>exterisque</span> <span class='ocrx_word' id='word_1_241' title='bbox 640 3232 823 3281; x_wconf 77' lang='lat' dir='ltr'>aedificii</span> <span class='ocrx_word' id='word_1_242' title='bbox 842 3233 1080 3303; x_wconf 86' lang='lat' dir='ltr'>partibus:</span> 
     </span>
     <span class='ocr_line' id='line_1_44' title="bbox 106 3302 1078 3373; baseline 0.003 -21"><span class='ocrx_word' id='word_1_243' title='bbox 106 3303 285 3370; x_wconf 82' lang='lat' dir='ltr'>statque</span> <span class='ocrx_word' id='word_1_244' title='bbox 308 3307 354 3353; x_wconf 86' lang='lat' dir='ltr'>in</span> <span class='ocrx_word' id='word_1_245' title='bbox 377 3302 535 3353; x_wconf 85' lang='lat' dir='ltr'>medio</span> <span class='ocrx_word' id='word_1_246' title='bbox 549 3304 730 3362; x_wconf 79' lang='lat' dir='ltr'>,veluti</span> <span class='ocrx_word' id='word_1_247' title='bbox 749 3322 852 3363; x_wconf 77' lang='lat' dir='ltr'>ara,</span> <span class='ocrx_word' id='word_1_248' title='bbox 876 3306 1078 3373; x_wconf 82' lang='lat' dir='ltr'>quadra-</span> 
     </span>
    </p>
   </div>
   <div class='ocr_carea' id='block_1_3' title="bbox 1130 282 2117 3290">
    <p class='ocr_par' dir='ltr' id='par_1_4' title="bbox 1130 282 2117 3290">
     <span class='ocr_line' id='line_1_45' title="bbox 1997 282 2106 332; baseline 0.018 -11"><span class='ocrx_word' id='word_1_249' title='bbox 1997 282 2000 287; x_wconf 83' lang='lat'>&#39;</span> <span class='ocrx_word' id='word_1_250' title='bbox 2018 295 2036 321; x_wconf 86' lang='lat'>1</span> <span class='ocrx_word' id='word_1_251' title='bbox 2049 282 2072 323; x_wconf 75' lang='lat'>8</span> <span class='ocrx_word' id='word_1_252' title='bbox 2084 291 2106 332; x_wconf 83' lang='lat'>3</span> 
     </span>
     <span class='ocr_line' id='line_1_46' title="bbox 1137 343 2112 416; baseline -0.005 -22"><span class='ocrx_word' id='word_1_253' title='bbox 1137 361 1210 396; x_wconf 85' lang='lat' dir='ltr'>tus</span> <span class='ocrx_word' id='word_1_254' title='bbox 1236 345 1543 416; x_wconf 75' lang='lat' dir='ltr'>sarcophagus</span> <span class='ocrx_word' id='word_1_255' title='bbox 1563 379 1573 391; x_wconf 87' lang='lat'><em>.</em></span> <span class='ocrx_word' id='word_1_256' title='bbox 1613 346 1669 392; x_wconf 89' lang='lat' dir='ltr'>In</span> <span class='ocrx_word' id='word_1_257' title='bbox 1693 343 1792 408; x_wconf 77' lang='lat' dir='ltr'>Fig.</span> <span class='ocrx_word' id='word_1_258' title='bbox 1818 355 1861 397; x_wconf 84' lang='lat'>3.</span> <span class='ocrx_word' id='word_1_259' title='bbox 1881 358 1980 406; x_wconf 62' lang='lat' dir='ltr'>qua:</span> <span class='ocrx_word' id='word_1_260' title='bbox 2008 344 2112 390; x_wconf 75' lang='lat' dir='ltr'>viii-</span> 
     </span>
     <span class='ocr_line' id='line_1_47' title="bbox 1137 409 2111 467; baseline -0.006 0"><span class='ocrx_word' id='word_1_261' title='bbox 1137 419 1279 467; x_wconf 85' lang='lat' dir='ltr'>turin</span> <span class='ocrx_word' id='word_1_262' title='bbox 1298 416 1503 465; x_wconf 83' lang='lat' dir='ltr'>Ecclelia</span> <span class='ocrx_word' id='word_1_263' title='bbox 1533 418 1576 463; x_wconf 88' lang='lat' dir='ltr'>S.</span> <span class='ocrx_word' id='word_1_264' title='bbox 1595 415 1759 465; x_wconf 76' lang='lat' dir='ltr'>Alexii</span> <span class='ocrx_word' id='word_1_265' title='bbox 1785 414 1844 460; x_wconf 85' lang='lat' dir='ltr'>de</span> <span class='ocrx_word' id='word_1_266' title='bbox 1869 409 2030 467; x_wconf 84' lang='lat' dir='ltr'>Urbe,</span> <span class='ocrx_word' id='word_1_267' title='bbox 2061 413 2111 461; x_wconf 84' lang='lat'>&amp;</span> 
     </span>
     <span class='ocr_line' id='line_1_48' title="bbox 1138 479 2113 541; baseline -0.007 -6"><span class='ocrx_word' id='word_1_268' title='bbox 1138 487 1203 535; x_wconf 83' lang='lat' dir='ltr'>est</span> <span class='ocrx_word' id='word_1_269' title='bbox 1234 483 1527 535; x_wconf 80' lang='lat' dir='ltr'>nobiliffimae</span> <span class='ocrx_word' id='word_1_270' title='bbox 1549 484 1759 534; x_wconf 65' lang='lat' dir='ltr'>Familiae</span> <span class='ocrx_word' id='word_1_271' title='bbox 1794 481 1853 532; x_wconf 88' lang='lat' dir='ltr'>de</span> <span class='ocrx_word' id='word_1_272' title='bbox 1885 479 2113 541; x_wconf 78' lang='lat' dir='ltr'>Sabellis,</span> 
     </span>
     <span class='ocr_line' id='line_1_49' title="bbox 1139 551 2115 624; baseline -0.004 -20"><span class='ocrx_word' id='word_1_273' title='bbox 1139 570 1333 624; x_wconf 84' lang='lat' dir='ltr'>apparet</span> <span class='ocrx_word' id='word_1_274' title='bbox 1348 557 1438 603; x_wconf 88' lang='lat' dir='ltr'>alia</span> <span class='ocrx_word' id='word_1_275' title='bbox 1455 553 1683 622; x_wconf 82' lang='lat' dir='ltr'>sepulchri</span> <span class='ocrx_word' id='word_1_276' title='bbox 1703 551 1855 603; x_wconf 84' lang='lat' dir='ltr'>forma</span> <span class='ocrx_word' id='word_1_277' title='bbox 1869 587 1885 609; x_wconf 90' lang='lat'>‚</span> <span class='ocrx_word' id='word_1_278' title='bbox 1902 569 2003 619; x_wconf 81' lang='lat' dir='ltr'>quae</span> <span class='ocrx_word' id='word_1_279' title='bbox 2018 568 2115 600; x_wconf 86' lang='lat' dir='ltr'>ma·-</span> 
     </span>
     <span class='ocr_line' id='line_1_50' title="bbox 1139 623 2114 695; baseline 0 -23"><span class='ocrx_word' id='word_1_280' title='bbox 1139 644 1282 695; x_wconf 80' lang='lat' dir='ltr'>gnam</span> <span class='ocrx_word' id='word_1_281' title='bbox 1300 625 1441 674; x_wconf 89' lang='lat' dir='ltr'>habet</span> <span class='ocrx_word' id='word_1_282' title='bbox 1457 623 1739 673; x_wconf 82' lang='lat' dir='ltr'>affinitatem</span> <span class='ocrx_word' id='word_1_283' title='bbox 1756 641 1868 672; x_wconf 88' lang='lat' dir='ltr'>cum</span> <span class='ocrx_word' id='word_1_284' title='bbox 1883 623 2016 689; x_wconf 83' lang='lat' dir='ltr'>supra</span> <span class='ocrx_word' id='word_1_285' title='bbox 2037 624 2114 672; x_wconf 87' lang='lat' dir='ltr'>ad-</span> 
     </span>
     <span class='ocr_line' id='line_1_51' title="bbox 1141 691 2117 754; baseline -0.004 -10"><span class='ocrx_word' id='word_1_286' title='bbox 1141 698 1318 754; x_wconf 59' lang='lat' dir='ltr'>ductis,</span> <span class='ocrx_word' id='word_1_287' title='bbox 1342 691 1569 743; x_wconf 73' lang='lat' dir='ltr'>nimirum</span> <span class='ocrx_word' id='word_1_288' title='bbox 1586 712 1697 742; x_wconf 87' lang='lat' dir='ltr'>curn</span> <span class='ocrx_word' id='word_1_289' title='bbox 1714 695 1858 742; x_wconf 82' lang='lat' dir='ltr'>altare</span> <span class='ocrx_word' id='word_1_290' title='bbox 1877 698 1920 742; x_wconf 83' lang='lat' dir='ltr'>S.</span> <span class='ocrx_word' id='word_1_291' title='bbox 1938 696 2117 741; x_wconf 75' lang='lat' dir='ltr'>MAR1AE</span> 
     </span>
     <span class='ocr_line' id='line_1_52' title="bbox 1140 761 2114 831; baseline -0.007 -16"><span class='ocrx_word' id='word_1_292' title='bbox 1140 767 1188 815; x_wconf 88' lang='lat' dir='ltr'>in</span> <span class='ocrx_word' id='word_1_293' title='bbox 1207 765 1465 818; x_wconf 88' lang='lat' dir='ltr'>Cosmedin</span> <span class='ocrx_word' id='word_1_294' title='bbox 1478 799 1494 821; x_wconf 91' lang='lat'>,</span> <span class='ocrx_word' id='word_1_295' title='bbox 1515 765 1563 814; x_wconf 74' lang='grc' dir='ltr'>ὅ(</span> <span class='ocrx_word' id='word_1_296' title='bbox 1582 761 1868 831; x_wconf 85' lang='lat' dir='ltr'>lipsanorum</span> <span class='ocrx_word' id='word_1_297' title='bbox 1885 762 2114 822; x_wconf 62' lang='lat' dir='ltr'>custodia,</span> 
     </span>
     <span class='ocr_line' id='line_1_53' title="bbox 1138 832 2112 903; baseline -0.003 -19"><span class='ocrx_word' id='word_1_298' title='bbox 1138 854 1238 903; x_wconf 81' lang='lat' dir='ltr'>quae</span> <span class='ocrx_word' id='word_1_299' title='bbox 1262 850 1364 887; x_wconf 79' lang='lat' dir='ltr'>erat</span> <span class='ocrx_word' id='word_1_300' title='bbox 1381 837 1428 883; x_wconf 91' lang='lat' dir='ltr'>in</span> <span class='ocrx_word' id='word_1_301' title='bbox 1446 832 1651 884; x_wconf 80' lang='lat' dir='ltr'>Ecclesia</span> <span class='ocrx_word' id='word_1_302' title='bbox 1671 837 1713 882; x_wconf 87' lang='lat' dir='ltr'>S.</span> <span class='ocrx_word' id='word_1_303' title='bbox 1731 837 1908 884; x_wconf 55' lang='lat' dir='ltr'>Minue</span> <span class='ocrx_word' id='word_1_304' title='bbox 1924 839 1972 882; x_wconf 80' lang='lat' dir='ltr'>in</span> <span class='ocrx_word' id='word_1_305' title='bbox 1991 837 2112 888; x_wconf 58' lang='lat' dir='ltr'>Cam*</span> 
     </span>
     <span class='ocr_line' id='line_1_54' title="bbox 1130 905 2111 974; baseline -0.005 -18"><span class='ocrx_word' id='word_1_306' title='bbox 1130 910 1295 974; x_wconf 74' lang='lat' dir='ltr'>pitelli.</span> <span class='ocrx_word' id='word_1_307' title='bbox 1314 907 1436 956; x_wconf 84' lang='lat' dir='ltr'>Aliae</span> <span class='ocrx_word' id='word_1_308' title='bbox 1455 905 1558 954; x_wconf 85' lang='lat' dir='ltr'>duae</span> <span class='ocrx_word' id='word_1_309' title='bbox 1575 909 1755 963; x_wconf 89' lang='lat' dir='ltr'>Icones,</span> <span class='ocrx_word' id='word_1_310' title='bbox 1773 921 1941 972; x_wconf 88' lang='lat' dir='ltr'>nempe</span> <span class='ocrx_word' id='word_1_311' title='bbox 1956 907 2056 974; x_wconf 73' lang='lat' dir='ltr'>Fig.</span> <span class='ocrx_word' id='word_1_312' title='bbox 2070 924 2086 952; x_wconf 94' lang='lat'>1</span> <span class='ocrx_word' id='word_1_313' title='bbox 2099 941 2111 951; x_wconf 88' lang='lat'><strong>.</strong></span> 
     </span>
     <span class='ocr_line' id='line_1_55' title="bbox 1136 972 2114 1042; baseline -0.008 -13"><span class='ocrx_word' id='word_1_314' title='bbox 1136 980 1186 1029; x_wconf 74' lang='grc' dir='ltr'>ἃ</span> <span class='ocrx_word' id='word_1_315' title='bbox 1215 998 1259 1026; x_wconf 87' lang='lat'>2.</span> <span class='ocrx_word' id='word_1_316' title='bbox 1285 981 1503 1028; x_wconf 87' lang='lat' dir='ltr'>virorum</span> <span class='ocrx_word' id='word_1_317' title='bbox 1530 975 1784 1025; x_wconf 85' lang='lat' dir='ltr'>illustrium</span> <span class='ocrx_word' id='word_1_318' title='bbox 1812 972 2114 1042; x_wconf 64' lang='lat' dir='ltr'>praeseferunt</span> 
     </span>
     <span class='ocr_line' id='line_1_56' title="bbox 1140 1042 2113 1114; baseline -0.006 -17"><span class='ocrx_word' id='word_1_319' title='bbox 1140 1052 1435 1099; x_wconf 85' lang='lat' dir='ltr'>monimenta</span> <span class='ocrx_word' id='word_1_320' title='bbox 1453 1085 1467 1107; x_wconf 92' lang='lat'>,</span> <span class='ocrx_word' id='word_1_321' title='bbox 1485 1065 1585 1114; x_wconf 64' lang='lat' dir='ltr'>qua?</span> <span class='ocrx_word' id='word_1_322' title='bbox 1605 1044 1806 1094; x_wconf 79' lang='lat' dir='ltr'>Basilicae</span> <span class='ocrx_word' id='word_1_323' title='bbox 1821 1081 1838 1102; x_wconf 92' lang='lat'>,</span> <span class='ocrx_word' id='word_1_324' title='bbox 1858 1042 1936 1093; x_wconf 81' lang='lat' dir='ltr'>seu</span> <span class='ocrx_word' id='word_1_325' title='bbox 1955 1044 2113 1113; x_wconf 70' lang='lat' dir='ltr'>potius</span> 
     </span>
     <span class='ocr_line' id='line_1_57' title="bbox 1141 1115 2115 1181; baseline -0.005 -14"><span class='ocrx_word' id='word_1_326' title='bbox 1141 1117 1396 1168; x_wconf 65' lang='lat' dir='ltr'>Basiliculae</span> <span class='ocrx_word' id='word_1_327' title='bbox 1414 1115 1811 1176; x_wconf 75' lang='lat' dir='ltr'>nominabantur,</span> <span class='ocrx_word' id='word_1_328' title='bbox 1835 1134 1894 1165; x_wconf 78' lang='lat' dir='ltr'>ex</span> <span class='ocrx_word' id='word_1_329' title='bbox 1913 1134 1969 1164; x_wconf 89' lang='lat' dir='ltr'>eo</span> <span class='ocrx_word' id='word_1_330' title='bbox 1987 1115 2115 1181; x_wconf 84' lang='lat' dir='ltr'>quod</span> 
     </span>
     <span class='ocr_line' id='line_1_58' title="bbox 1137 1186 2113 1253; baseline -0.004 -16"><span class='ocrx_word' id='word_1_331' title='bbox 1137 1188 1343 1238; x_wconf 86' lang='lat' dir='ltr'>formam</span> <span class='ocrx_word' id='word_1_332' title='bbox 1368 1186 1671 1239; x_wconf 77' lang='lat' dir='ltr'>Basilicarum</span> <span class='ocrx_word' id='word_1_333' title='bbox 1698 1206 1749 1234; x_wconf 90' lang='lat' dir='ltr'>ac</span> <span class='ocrx_word' id='word_1_334' title='bbox 1772 1186 1977 1253; x_wconf 72' lang='lat' dir='ltr'>speciem</span> <span class='ocrx_word' id='word_1_335' title='bbox 2008 1186 2113 1233; x_wconf 85' lang='lat' dir='ltr'>red-</span> 
     </span>
     <span class='ocr_line' id='line_1_59' title="bbox 1137 1254 2114 1324; baseline -0.006 -16"><span class='ocrx_word' id='word_1_336' title='bbox 1137 1259 1332 1318; x_wconf 87' lang='lat' dir='ltr'>derent,</span> <span class='ocrx_word' id='word_1_337' title='bbox 1358 1261 1407 1309; x_wconf 83' lang='lat'>&amp;</span> <span class='ocrx_word' id='word_1_338' title='bbox 1425 1259 1577 1309; x_wconf 85' lang='lat' dir='ltr'>adhuc</span> <span class='ocrx_word' id='word_1_339' title='bbox 1605 1256 1867 1324; x_wconf 81' lang='lat' dir='ltr'>conspicuae</span> <span class='ocrx_word' id='word_1_340' title='bbox 1895 1254 2000 1302; x_wconf 82' lang='lat' dir='ltr'>sunt</span> <span class='ocrx_word' id='word_1_341' title='bbox 2028 1257 2114 1302; x_wconf 51' lang='grc' dir='ltr'>ΞΜ</span> 
     </span>
     <span class='ocr_line' id='line_1_60' title="bbox 1137 1325 2117 1398; baseline -0.007 -20"><span class='ocrx_word' id='word_1_342' title='bbox 1137 1332 1327 1398; x_wconf 81' lang='lat' dir='ltr'>porticu</span> <span class='ocrx_word' id='word_1_343' title='bbox 1345 1329 1480 1377; x_wconf 54' lang='lat' dir='ltr'>ditiae</span> <span class='ocrx_word' id='word_1_344' title='bbox 1503 1325 1714 1375; x_wconf 78' lang='lat' dir='ltr'>Ecclefiae</span> <span class='ocrx_word' id='word_1_345' title='bbox 1733 1330 1776 1374; x_wconf 82' lang='lat' dir='ltr'>S.</span> <span class='ocrx_word' id='word_1_346' title='bbox 1796 1326 2037 1372; x_wconf 84' lang='lat' dir='ltr'>Laurentii</span> <span class='ocrx_word' id='word_1_347' title='bbox 2067 1327 2117 1371; x_wconf 88' lang='lat' dir='ltr'>in</span> 
     </span>
     <span class='ocr_line' id='line_1_61' title="bbox 1139 1394 2115 1468; baseline -0.007 -20"><span class='ocrx_word' id='word_1_348' title='bbox 1139 1418 1250 1468; x_wconf 84' lang='lat' dir='ltr'>agro</span> <span class='ocrx_word' id='word_1_349' title='bbox 1280 1404 1474 1449; x_wconf 82' lang='lat' dir='ltr'>Verano</span> <span class='ocrx_word' id='word_1_350' title='bbox 1491 1434 1501 1444; x_wconf 91' lang='lat'>.</span> <span class='ocrx_word' id='word_1_351' title='bbox 1542 1402 1657 1449; x_wconf 82' lang='lat' dir='ltr'>Vox</span> <span class='ocrx_word' id='word_1_352' title='bbox 1685 1410 1848 1444; x_wconf 88' lang='lat' dir='ltr'>autem</span> <span class='ocrx_word' id='word_1_353' title='bbox 1874 1395 1968 1442; x_wconf 80' lang='lat' dir='ltr'>haec</span> <span class='ocrx_word' id='word_1_354' title='bbox 1992 1394 2115 1463; x_wconf 74' lang='lat' dir='ltr'>Bcfi-</span> 
     </span>
     <span class='ocr_line' id='line_1_62' title="bbox 1139 1465 2116 1532; baseline -0.008 -11"><span class='ocrx_word' id='word_1_355' title='bbox 1139 1473 1272 1523; x_wconf 64' lang='lat' dir='ltr'>liculae</span> <span class='ocrx_word' id='word_1_356' title='bbox 1291 1471 1346 1519; x_wconf 61' lang='lat' dir='ltr'>n&amp;</span> <span class='ocrx_word' id='word_1_357' title='bbox 1373 1469 1515 1517; x_wconf 88' lang='lat' dir='ltr'>alicui</span> <span class='ocrx_word' id='word_1_358' title='bbox 1535 1465 1766 1525; x_wconf 82' lang='lat' dir='ltr'>abstrusa,</span> <span class='ocrx_word' id='word_1_359' title='bbox 1797 1482 2016 1532; x_wconf 80' lang='lat' dir='ltr'>novaque</span> <span class='ocrx_word' id='word_1_360' title='bbox 2046 1466 2116 1513; x_wconf 84' lang='lat' dir='ltr'>vi-</span> 
     </span>
     <span class='ocr_line' id='line_1_63' title="bbox 1138 1536 2114 1607; baseline -0.01 -16"><span class='ocrx_word' id='word_1_361' title='bbox 1138 1542 1337 1598; x_wconf 78' lang='lat' dir='ltr'>deatur,</span> <span class='ocrx_word' id='word_1_362' title='bbox 1360 1558 1417 1589; x_wconf 89' lang='lat' dir='ltr'>en</span> <span class='ocrx_word' id='word_1_363' title='bbox 1436 1536 1551 1607; x_wconf 61' lang='lat' dir='ltr'>saepc</span> <span class='ocrx_word' id='word_1_364' title='bbox 1572 1537 1788 1587; x_wconf 87' lang='lat' dir='ltr'>laudatus</span> <span class='ocrx_word' id='word_1_365' title='bbox 1808 1539 2079 1605; x_wconf 73' lang='lat' dir='ltr'>Du0Cange</span> <span class='ocrx_word' id='word_1_366' title='bbox 2096 1570 2114 1593; x_wconf 91' lang='lat'>,</span> 
     </span>
     <span class='ocr_line' id='line_1_64' title="bbox 1140 1607 2114 1679; baseline -0.007 -19"><span class='ocrx_word' id='word_1_367' title='bbox 1140 1615 1220 1679; x_wconf 88' lang='lat' dir='ltr'>qui</span> <span class='ocrx_word' id='word_1_368' title='bbox 1237 1611 1556 1663; x_wconf 85' lang='lat' dir='ltr'>eruditionem</span> <span class='ocrx_word' id='word_1_369' title='bbox 1576 1628 1635 1660; x_wconf 81' lang='lat' dir='ltr'>ex</span> <span class='ocrx_word' id='word_1_370' title='bbox 1656 1610 1758 1676; x_wconf 86' lang='lat' dir='ltr'>lege</span> <span class='ocrx_word' id='word_1_371' title='bbox 1774 1608 1923 1655; x_wconf 87' lang='lat' dir='ltr'>Salica</span> <span class='ocrx_word' id='word_1_372' title='bbox 1941 1607 2016 1654; x_wconf 87' lang='lat' dir='ltr'>tit.</span> <span class='ocrx_word' id='word_1_373' title='bbox 2036 1610 2114 1666; x_wconf 87' lang='lat'>58.</span> 
     </span>
     <span class='ocr_line' id='line_1_65' title="bbox 1138 1676 2115 1746; baseline -0.002 -18"><span class='ocrx_word' id='word_1_374' title='bbox 1138 1689 1176 1736; x_wconf 67' lang='lat' dir='ltr'>js</span> <span class='ocrx_word' id='word_1_375' title='bbox 1197 1697 1301 1744; x_wconf 85' lang='lat'><strong>3.4.</strong></span> <span class='ocrx_word' id='word_1_376' title='bbox 1327 1699 1369 1740; x_wconf 85' lang='lat'>5.</span> <span class='ocrx_word' id='word_1_377' title='bbox 1388 1681 1662 1746; x_wconf 85' lang='lat' dir='ltr'>depromit,</span> <span class='ocrx_word' id='word_1_378' title='bbox 1685 1679 1776 1725; x_wconf 88' lang='lat' dir='ltr'>ibi:</span> <span class='ocrx_word' id='word_1_379' title='bbox 1806 1677 1860 1726; x_wconf 80' lang='lat' dir='ltr'>Si</span> <span class='ocrx_word' id='word_1_380' title='bbox 1875 1681 1972 1742; x_wconf 81' lang='lat' dir='ltr'>quis</span> <span class='ocrx_word' id='word_1_381' title='bbox 1987 1676 2115 1744; x_wconf 79' lang='lat' dir='ltr'>Bast-</span> 
     </span>
     <span class='ocr_line' id='line_1_66' title="bbox 1136 1750 2114 1819; baseline -0.007 -18"><span class='ocrx_word' id='word_1_382' title='bbox 1136 1754 1264 1801; x_wconf 73' lang='lat' dir='ltr'>licam</span> <span class='ocrx_word' id='word_1_383' title='bbox 1289 1752 1418 1819; x_wconf 80' lang='lat' dir='ltr'>super</span> <span class='ocrx_word' id='word_1_384' title='bbox 1449 1752 1657 1798; x_wconf 80' lang='lat' dir='ltr'>hominem</span> <span class='ocrx_word' id='word_1_385' title='bbox 1695 1763 1900 1797; x_wconf 75' lang='lat' dir='ltr'>mortuum</span> <span class='ocrx_word' id='word_1_386' title='bbox 1928 1750 2114 1811; x_wconf 76' lang='lat' dir='ltr'>expolia-</span> 
     </span>
     <span class='ocr_line' id='line_1_67' title="bbox 1136 1816 2111 1891; baseline -0.008 -19"><span class='ocrx_word' id='word_1_387' title='bbox 1136 1828 1260 1872; x_wconf 79' lang='lat' dir='ltr'>verit</span> <span class='ocrx_word' id='word_1_388' title='bbox 1275 1858 1290 1879; x_wconf 94' lang='lat'>,</span> <span class='ocrx_word' id='word_1_389' title='bbox 1318 1827 1504 1891; x_wconf 74' lang='lat' dir='ltr'>triginta</span> <span class='ocrx_word' id='word_1_390' title='bbox 1516 1821 1678 1889; x_wconf 78' lang='lat' dir='ltr'>solidis</span> <span class='ocrx_word' id='word_1_391' title='bbox 1696 1817 1920 1884; x_wconf 72' lang='lat' dir='ltr'>culpabilis</span> <span class='ocrx_word' id='word_1_392' title='bbox 1930 1816 2111 1883; x_wconf 77' lang='lat' dir='ltr'>judica-</span> 
     </span>
     <span class='ocr_line' id='line_1_68' title="bbox 1135 1887 2112 1955; baseline -0.005 -14"><span class='ocrx_word' id='word_1_393' title='bbox 1135 1909 1228 1942; x_wconf 82' lang='lat' dir='ltr'>tur.</span> <span class='ocrx_word' id='word_1_394' title='bbox 1270 1894 1424 1940; x_wconf 87' lang='lat' dir='ltr'>Notat</span> <span class='ocrx_word' id='word_1_395' title='bbox 1450 1890 1524 1938; x_wconf 83' lang='lat' dir='ltr'>hic</span> <span class='ocrx_word' id='word_1_396' title='bbox 1555 1894 1683 1940; x_wconf 88' lang='lat' dir='ltr'>idem</span> <span class='ocrx_word' id='word_1_397' title='bbox 1700 1889 1916 1946; x_wconf 55' lang='lat' dir='ltr'>Auctor,</span> <span class='ocrx_word' id='word_1_398' title='bbox 1949 1887 2112 1955; x_wconf 76' lang='lat' dir='ltr'>Basili-</span> 
     </span>
     <span class='ocr_line' id='line_1_69' title="bbox 1134 1962 2116 2028; baseline -0.008 -15"><span class='ocrx_word' id='word_1_399' title='bbox 1134 1979 1203 2013; x_wconf 76' lang='lat' dir='ltr'>cas</span> <span class='ocrx_word' id='word_1_400' title='bbox 1224 1979 1278 2011; x_wconf 92' lang='lat' dir='ltr'>eo</span> <span class='ocrx_word' id='word_1_401' title='bbox 1298 1962 1391 2009; x_wconf 90' lang='lat' dir='ltr'>loci</span> <span class='ocrx_word' id='word_1_402' title='bbox 1421 1962 1627 2028; x_wconf 85' lang='lat' dir='ltr'>intelligi</span> <span class='ocrx_word' id='word_1_403' title='bbox 1646 1963 1930 2026; x_wconf 81' lang='lat' dir='ltr'>Magnatum</span> <span class='ocrx_word' id='word_1_404' title='bbox 1958 1971 2116 2005; x_wconf 68' lang='lat' dir='ltr'>tumu—⁴</span> 
     </span>
     <span class='ocr_line' id='line_1_70' title="bbox 1139 2026 2116 2097; baseline -0.007 -18"><span class='ocrx_word' id='word_1_405' title='bbox 1139 2032 1236 2092; x_wconf 86' lang='lat' dir='ltr'>los,</span> <span class='ocrx_word' id='word_1_406' title='bbox 1265 2050 1379 2097; x_wconf 85' lang='lat' dir='ltr'>quos</span> <span class='ocrx_word' id='word_1_407' title='bbox 1405 2032 1463 2080; x_wconf 90' lang='lat' dir='ltr'>ad</span> <span class='ocrx_word' id='word_1_408' title='bbox 1491 2031 1631 2080; x_wconf 82' lang='lat' dir='ltr'>instar</span> <span class='ocrx_word' id='word_1_409' title='bbox 1655 2029 1828 2077; x_wconf 77' lang='lat' dir='ltr'>aedium</span> <span class='ocrx_word' id='word_1_410' title='bbox 1849 2026 2116 2084; x_wconf 88' lang='lat' dir='ltr'>sacrarum,</span> 
     </span>
     <span class='ocr_line' id='line_1_71' title="bbox 1139 2100 2114 2153; baseline -0.005 -4"><span class='ocrx_word' id='word_1_411' title='bbox 1139 2101 1219 2153; x_wconf 81' lang='lat' dir='ltr'>seu</span> <span class='ocrx_word' id='word_1_412' title='bbox 1255 2100 1560 2150; x_wconf 77' lang='lat' dir='ltr'>Basilicarum</span> <span class='ocrx_word' id='word_1_413' title='bbox 1596 2113 1815 2150; x_wconf 83' lang='lat' dir='ltr'>extruere</span> <span class='ocrx_word' id='word_1_414' title='bbox 1849 2116 1950 2145; x_wconf 88' lang='lat' dir='ltr'>mos</span> <span class='ocrx_word' id='word_1_415' title='bbox 1986 2111 2114 2145; x_wconf 86' lang='lat' dir='ltr'>erat:</span> 
     </span>
     <span class='ocr_line' id='line_1_72' title="bbox 1138 2169 2113 2240; baseline -0.008 -20"><span class='ocrx_word' id='word_1_416' title='bbox 1138 2190 1343 2240; x_wconf 85' lang='lat' dir='ltr'>quorum</span> <span class='ocrx_word' id='word_1_417' title='bbox 1363 2173 1550 2239; x_wconf 64' lang='lat' dir='ltr'>quoque</span> <span class='ocrx_word' id='word_1_418' title='bbox 1576 2169 1628 2218; x_wconf 84' lang='lat' dir='ltr'>fit</span> <span class='ocrx_word' id='word_1_419' title='bbox 1654 2172 1835 2218; x_wconf 89' lang='lat' dir='ltr'>mentio</span> <span class='ocrx_word' id='word_1_420' title='bbox 1863 2171 1909 2215; x_wconf 86' lang='lat' dir='ltr'>in</span> <span class='ocrx_word' id='word_1_421' title='bbox 1941 2169 2013 2214; x_wconf 91' lang='lat' dir='ltr'>tit.</span> <span class='ocrx_word' id='word_1_422' title='bbox 2032 2186 2113 2226; x_wconf 87' lang='lat'>71.</span> 
     </span>
     <span class='ocr_line' id='line_1_73' title="bbox 1137 2235 2114 2310; baseline -0.009 -19"><span class='ocrx_word' id='word_1_423' title='bbox 1137 2242 1220 2291; x_wconf 87' lang='lat' dir='ltr'>ubi</span> <span class='ocrx_word' id='word_1_424' title='bbox 1248 2245 1404 2310; x_wconf 85' lang='lat' dir='ltr'>agitur</span> <span class='ocrx_word' id='word_1_425' title='bbox 1432 2243 1489 2292; x_wconf 90' lang='lat' dir='ltr'>de</span> <span class='ocrx_word' id='word_1_426' title='bbox 1509 2241 1687 2289; x_wconf 67' lang='lat' dir='ltr'>mulcta</span> <span class='ocrx_word' id='word_1_427' title='bbox 1709 2241 1863 2295; x_wconf 86' lang='lat' dir='ltr'>illius,</span> <span class='ocrx_word' id='word_1_428' title='bbox 1893 2239 1974 2304; x_wconf 82' lang='lat' dir='ltr'>qui</span> <span class='ocrx_word' id='word_1_429' title='bbox 1996 2235 2114 2283; x_wconf 78' lang='lat' dir='ltr'>Basi—</span> 
     </span>
     <span class='ocr_line' id='line_1_74' title="bbox 1138 2302 2114 2368; baseline -0.004 -8"><span class='ocrx_word' id='word_1_430' title='bbox 1138 2315 1281 2362; x_wconf 87' lang='lat' dir='ltr'>licam</span> <span class='ocrx_word' id='word_1_431' title='bbox 1315 2311 1428 2360; x_wconf 90' lang='lat' dir='ltr'>ausu</span> <span class='ocrx_word' id='word_1_432' title='bbox 1459 2311 1713 2361; x_wconf 85' lang='lat' dir='ltr'>temerario</span> <span class='ocrx_word' id='word_1_433' title='bbox 1733 2346 1748 2368; x_wconf 86' lang='lat'>,</span> <span class='ocrx_word' id='word_1_434' title='bbox 1787 2322 1867 2356; x_wconf 83' lang='lat' dir='ltr'>aut</span> <span class='ocrx_word' id='word_1_435' title='bbox 1898 2302 2114 2356; x_wconf 58' lang='lat' dir='ltr'>sortasse»</span> 
     </span>
     <span class='ocr_line' id='line_1_75' title="bbox 1137 2379 2112 2452; baseline -0.01 -19"><span class='ocrx_word' id='word_1_436' title='bbox 1137 2403 1218 2452; x_wconf 92' lang='lat' dir='ltr'>per</span> <span class='ocrx_word' id='word_1_437' title='bbox 1235 2385 1576 2452; x_wconf 85' lang='lat' dir='ltr'>negligentiam</span> <span class='ocrx_word' id='word_1_438' title='bbox 1605 2379 1866 2429; x_wconf 89' lang='lat' dir='ltr'>incenderit</span> <span class='ocrx_word' id='word_1_439' title='bbox 1881 2413 1891 2423; x_wconf 87' lang='lat'><strong>.</strong></span> <span class='ocrx_word' id='word_1_440' title='bbox 1921 2379 1990 2424; x_wconf 78' lang='lat' dir='ltr'>Ex</span> <span class='ocrx_word' id='word_1_441' title='bbox 2009 2379 2112 2443; x_wconf 84' lang='lat' dir='ltr'>qui-</span> 
     </span>
     <span class='ocr_line' id='line_1_76' title="bbox 1136 2451 2112 2521; baseline -0.007 -18"><span class='ocrx_word' id='word_1_442' title='bbox 1136 2455 1218 2503; x_wconf 87' lang='lat' dir='ltr'>bus</span> <span class='ocrx_word' id='word_1_443' title='bbox 1246 2453 1404 2503; x_wconf 84' lang='lat' dir='ltr'>verbis</span> <span class='ocrx_word' id='word_1_444' title='bbox 1430 2455 1556 2503; x_wconf 89' lang='lat' dir='ltr'>eruit</span> <span class='ocrx_word' id='word_1_445' title='bbox 1572 2451 1817 2521; x_wconf 66' lang='lat' dir='ltr'>praedic&#39;tus</span> <span class='ocrx_word' id='word_1_446' title='bbox 1844 2451 2112 2515; x_wconf 82' lang='lat' dir='ltr'>Du-Cange</span> 
     </span>
     <span class='ocr_line' id='line_1_77' title="bbox 1134 2515 2110 2590; baseline -0.008 -16"><span class='ocrx_word' id='word_1_447' title='bbox 1134 2522 1368 2589; x_wconf 86' lang='lat' dir='ltr'>ejusmodi</span> <span class='ocrx_word' id='word_1_448' title='bbox 1390 2522 1603 2573; x_wconf 81' lang='lat' dir='ltr'>Basilicas</span> <span class='ocrx_word' id='word_1_449' title='bbox 1625 2524 1798 2590; x_wconf 80' lang='lat' dir='ltr'>ligneas</span> <span class='ocrx_word' id='word_1_450' title='bbox 1813 2515 1974 2575; x_wconf 79' lang='lat' dir='ltr'>fuisse,</span> <span class='ocrx_word' id='word_1_451' title='bbox 2000 2535 2110 2585; x_wconf 87' lang='lat' dir='ltr'>pro-</span> 
     </span>
     <span class='ocr_line' id='line_1_78' title="bbox 1133 2588 2112 2662; baseline -0.007 -20"><span class='ocrx_word' id='word_1_452' title='bbox 1133 2595 1336 2662; x_wconf 87' lang='lat' dir='ltr'>indeque</span> <span class='ocrx_word' id='word_1_453' title='bbox 1374 2595 1604 2644; x_wconf 81' lang='lat' dir='ltr'>incendiis</span> <span class='ocrx_word' id='word_1_454' title='bbox 1635 2593 1861 2641; x_wconf 79' lang='lat' dir='ltr'>obnoxias</span> <span class='ocrx_word' id='word_1_455' title='bbox 1887 2626 1899 2636; x_wconf 89' lang='lat'><strong>.</strong></span> <span class='ocrx_word' id='word_1_456' title='bbox 1937 2588 2112 2636; x_wconf 80' lang='lat' dir='ltr'>Nostra</span> 
     </span>
     <span class='ocr_line' id='line_1_79' title="bbox 1133 2656 2112 2717; baseline -0.009 -3"><span class='ocrx_word' id='word_1_457' title='bbox 1133 2680 1293 2715; x_wconf 87' lang='lat' dir='ltr'>tamen</span> <span class='ocrx_word' id='word_1_458' title='bbox 1309 2668 1447 2715; x_wconf 88' lang='lat' dir='ltr'>Italia</span> <span class='ocrx_word' id='word_1_459' title='bbox 1464 2662 1574 2714; x_wconf 71' lang='lat' dir='ltr'>cum</span> <span class='ocrx_word' id='word_1_460' title='bbox 1592 2659 1907 2711; x_wconf 84' lang='lat' dir='ltr'>marmoribus</span> <span class='ocrx_word' id='word_1_461' title='bbox 1922 2656 2112 2717; x_wconf 86' lang='lat' dir='ltr'>affluat,</span> 
     </span>
     <span class='ocr_line' id='line_1_80' title="bbox 1135 2729 2114 2804; baseline -0.008 -20"><span class='ocrx_word' id='word_1_462' title='bbox 1135 2756 1228 2785; x_wconf 90' lang='lat' dir='ltr'>non</span> <span class='ocrx_word' id='word_1_463' title='bbox 1257 2755 1314 2785; x_wconf 84' lang='lat' dir='ltr'>ex</span> <span class='ocrx_word' id='word_1_464' title='bbox 1341 2738 1469 2804; x_wconf 86' lang='lat' dir='ltr'>ligno</span> <span class='ocrx_word' id='word_1_465' title='bbox 1492 2772 1507 2793; x_wconf 92' lang='lat'>,</span> <span class='ocrx_word' id='word_1_466' title='bbox 1546 2733 1625 2783; x_wconf 89' lang='lat' dir='ltr'>sed</span> <span class='ocrx_word' id='word_1_467' title='bbox 1657 2752 1714 2783; x_wconf 81' lang='lat' dir='ltr'>ex</span> <span class='ocrx_word' id='word_1_468' title='bbox 1745 2747 1982 2781; x_wconf 88' lang='lat' dir='ltr'>marmore</span> <span class='ocrx_word' id='word_1_469' title='bbox 2010 2729 2114 2777; x_wconf 87' lang='lat' dir='ltr'>illas</span> 
     </span>
     <span class='ocr_line' id='line_1_81' title="bbox 1135 2803 2112 2871; baseline -0.01 -15"><span class='ocrx_word' id='word_1_470' title='bbox 1135 2804 1364 2856; x_wconf 84' lang='lat' dir='ltr'>aedificare</span> <span class='ocrx_word' id='word_1_471' title='bbox 1399 2805 1679 2862; x_wconf 82' lang='lat' dir='ltr'>consuevit,</span> <span class='ocrx_word' id='word_1_472' title='bbox 1716 2817 1770 2851; x_wconf 90' lang='lat' dir='ltr'>ut</span> <span class='ocrx_word' id='word_1_473' title='bbox 1789 2803 1988 2871; x_wconf 66' lang='lat' dir='ltr'>geminae</span> <span class='ocrx_word' id='word_1_474' title='bbox 2015 2805 2112 2862; x_wconf 88' lang='lat' dir='ltr'>jam</span> 
     </span>
     <span class='ocr_line' id='line_1_82' title="bbox 1134 2870 2110 2941; baseline -0.012 -14"><span class='ocrx_word' id='word_1_475' title='bbox 1134 2879 1285 2927; x_wconf 82' lang='lat' dir='ltr'>allatae</span> <span class='ocrx_word' id='word_1_476' title='bbox 1303 2874 1612 2933; x_wconf 84' lang='lat' dir='ltr'>confirmant,</span> <span class='ocrx_word' id='word_1_477' title='bbox 1640 2892 1739 2941; x_wconf 76' lang='lat' dir='ltr'>quae</span> <span class='ocrx_word' id='word_1_478' title='bbox 1757 2891 1816 2923; x_wconf 77' lang='lat' dir='ltr'>ex</span> <span class='ocrx_word' id='word_1_479' title='bbox 1837 2872 1970 2920; x_wconf 88' lang='lat' dir='ltr'>Pario</span> <span class='ocrx_word' id='word_1_480' title='bbox 1992 2870 2110 2936; x_wconf 82' lang='lat' dir='ltr'>lapi-</span> 
     </span>
     <span class='ocr_line' id='line_1_83' title="bbox 1134 2944 2106 3014; baseline -0.009 -18"><span class='ocrx_word' id='word_1_481' title='bbox 1134 2948 1191 2996; x_wconf 90' lang='lat' dir='ltr'>de</span> <span class='ocrx_word' id='word_1_482' title='bbox 1212 2946 1485 2997; x_wconf 63' lang='lat' dir='ltr'>construclae</span> <span class='ocrx_word' id='word_1_483' title='bbox 1509 2944 1616 2993; x_wconf 89' lang='lat' dir='ltr'>sunt</span> <span class='ocrx_word' id='word_1_484' title='bbox 1632 2981 1642 2992; x_wconf 89' lang='lat'><strong>.</strong></span> <span class='ocrx_word' id='word_1_485' title='bbox 1674 2944 1917 3014; x_wconf 78' lang='lat' dir='ltr'>Bafiliculoe</span> <span class='ocrx_word' id='word_1_486' title='bbox 1938 2956 2106 2989; x_wconf 83' lang='lat' dir='ltr'>vocem</span> 
     </span>
     <span class='ocr_line' id='line_1_84' title="bbox 1133 3008 2106 3086; baseline -0.012 -22"><span class='ocrx_word' id='word_1_487' title='bbox 1133 3019 1251 3065; x_wconf 90' lang='lat' dir='ltr'>mihi</span> <span class='ocrx_word' id='word_1_488' title='bbox 1273 3020 1484 3086; x_wconf 83' lang='lat' dir='ltr'>porrexit</span> <span class='ocrx_word' id='word_1_489' title='bbox 1497 3020 1540 3065; x_wconf 87' lang='lat' dir='ltr'>S.</span> <span class='ocrx_word' id='word_1_490' title='bbox 1556 3016 1776 3064; x_wconf 88' lang='lat' dir='ltr'>Paulinus</span> <span class='ocrx_word' id='word_1_491' title='bbox 1798 3017 1844 3062; x_wconf 89' lang='lat' dir='ltr'>in</span> <span class='ocrx_word' id='word_1_492' title='bbox 1863 3008 2004 3078; x_wconf 82' lang='lat' dir='ltr'>Epist.</span> <span class='ocrx_word' id='word_1_493' title='bbox 2029 3026 2046 3055; x_wconf 93' lang='lat'>1</span> <span class='ocrx_word' id='word_1_494' title='bbox 2062 3025 2106 3053; x_wconf 86' lang='lat'>2.</span> 
     </span>
     <span class='ocr_line' id='line_1_85' title="bbox 1134 3081 2105 3155; baseline -0.008 -20"><span class='ocrx_word' id='word_1_495' title='bbox 1134 3087 1193 3135; x_wconf 87' lang='lat' dir='ltr'>ad</span> <span class='ocrx_word' id='word_1_496' title='bbox 1212 3092 1470 3147; x_wconf 83' lang='lat' dir='ltr'>Severum,</span> <span class='ocrx_word' id='word_1_497' title='bbox 1502 3107 1554 3136; x_wconf 86' lang='lat' dir='ltr'>ac</span> <span class='ocrx_word' id='word_1_498' title='bbox 1584 3089 1678 3155; x_wconf 87' lang='lat' dir='ltr'>legi</span> <span class='ocrx_word' id='word_1_499' title='bbox 1708 3085 1835 3153; x_wconf 85' lang='lat' dir='ltr'>apud</span> <span class='ocrx_word' id='word_1_500' title='bbox 1856 3081 2105 3153; x_wconf 49' lang='lat' dir='ltr'>Alsimm‘*</span> 
     </span>
     <span class='ocr_line' id='line_1_86' title="bbox 1134 3149 2106 3226; baseline -0.012 -20"><span class='ocrx_word' id='word_1_501' title='bbox 1134 3161 1369 3208; x_wconf 86' lang='lat' dir='ltr'>Viennen.</span> <span class='ocrx_word' id='word_1_502' title='bbox 1398 3161 1445 3207; x_wconf 90' lang='lat' dir='ltr'>in</span> <span class='ocrx_word' id='word_1_503' title='bbox 1466 3156 1607 3226; x_wconf 87' lang='lat' dir='ltr'>Epist.</span> <span class='ocrx_word' id='word_1_504' title='bbox 1626 3167 1674 3206; x_wconf 83' lang='lat'>6‘.</span> <span class='ocrx_word' id='word_1_505' title='bbox 1695 3155 1774 3203; x_wconf 89' lang='lat' dir='ltr'>ubi</span> <span class='ocrx_word' id='word_1_506' title='bbox 1798 3170 1883 3220; x_wconf 84' lang='lat' dir='ltr'>pro</span> <span class='ocrx_word' id='word_1_507' title='bbox 1903 3149 2071 3197; x_wconf 78' lang='lat' dir='ltr'>lacello</span> <span class='ocrx_word' id='word_1_508' title='bbox 2087 3183 2106 3205; x_wconf 86' lang='lat'>,</span> 
     </span>
     <span class='ocr_line' id='line_1_87' title="bbox 1133 3219 2104 3290; baseline -0.014 -13"><span class='ocrx_word' id='word_1_509' title='bbox 1133 3227 1211 3278; x_wconf 85' lang='lat' dir='ltr'>scu</span> <span class='ocrx_word' id='word_1_510' title='bbox 1227 3232 1437 3278; x_wconf 85' lang='lat' dir='ltr'>oratorio</span> <span class='ocrx_word' id='word_1_511' title='bbox 1459 3225 1752 3277; x_wconf 86' lang='lat' dir='ltr'>Bafiliculam</span> <span class='ocrx_word' id='word_1_512' title='bbox 1774 3219 1949 3290; x_wconf 85' lang='lat' dir='ltr'>posuit3</span> <span class='ocrx_word' id='word_1_513' title='bbox 1963 3235 2104 3284; x_wconf 85' lang='lat' dir='ltr'>quem</span> 
     </span>
    </p>
   </div>
   <div class='ocr_carea' id='block_1_4' title="bbox 1133 3289 2106 3406">
    <p class='ocr_par' dir='ltr' id='par_1_5' title="bbox 1133 3289 2106 3406">
     <span class='ocr_line' id='line_1_88' title="bbox 1133 3289 2104 3405; baseline -0.016 -56"><span class='ocrx_word' id='word_1_514' title='bbox 1133 3318 1282 3349; x_wconf 83' lang='lat' dir='ltr'>unum</span> <span class='ocrx_word' id='word_1_515' title='bbox 1305 3300 1538 3349; x_wconf 88' lang='lat' dir='ltr'>adducere</span> <span class='ocrx_word' id='word_1_516' title='bbox 1556 3295 1662 3343; x_wconf 84' lang='lat' dir='ltr'>satis</span> <span class='ocrx_word' id='word_1_517' title='bbox 1680 3291 1738 3341; x_wconf 81' lang='lat' dir='ltr'>fit</span> <span class='ocrx_word' id='word_1_518' title='bbox 1752 3329 1768 3352; x_wconf 94' lang='lat'>,</span> <span class='ocrx_word' id='word_1_519' title='bbox 1796 3292 1853 3340; x_wconf 64' lang='lat' dir='ltr'>ne</span> <span class='ocrx_word' id='word_1_520' title='bbox 1873 3289 1932 3340; x_wconf 85' lang='lat' dir='ltr'>de</span> <span class='ocrx_word' id='word_1_521' title='bbox 1951 3289 2104 3405; x_wconf 56' lang='lat' dir='ltr'>norgii-</span> 
     </span>
     <span class='ocr_line' id='line_1_89' title="bbox 1969 3373 2106 3406; baseline -0.007 0"><span class='ocrx_word' id='word_1_522' title='bbox 1969 3376 2016 3406; x_wconf 89' lang='lat' dir='ltr'>ni</span> <span class='ocrx_word' id='word_1_523' title='bbox 2048 3373 2106 3405; x_wconf 81' lang='lat' dir='ltr'>us</span> 
     </span>
    </p>
   </div>
  </div>
 </body>
</html>
