2425 3747
293 259 417 369 2124,
457 310 780 379 praecipuaque
816 306 1079 372 Religionis
1108 301 1276 352 funda-

296 396 462 436 menta
497 378 675 446 templa
708 373 793 424 esse
824 376 1090 437 ducerent)
1127 372 1272 423 nostri

297 453 418 504 nihil
445 448 769 517 responderint
785 480 800 501 ,
834 458 999 512 praeter
1025 462 1124 512 quae
1149 443 1273 492 dixi-

296 543 430 579 mus,
459 535 566 567 eam
583 511 716 563 fuiffe
747 512 952 564 arbitror
971 551 987 573 ,
1024 533 1196 583 nempe
1218 527 1271 562 ut

293 606 537 662 graviores
558 583 756 633 subinde
783 583 1124 653 disputationes
1145 586 1269 633 vita-

297 660 431 712 rent:>
461 674 572 705 nam
602 653 637 703 fi
672 653 897 704 Ecclefias
926 655 1096 706 habere
1130 652 1272 704 dixis-

293 733 396 782 sent
415 765 431 788 ,
461 729 519 778 de
536 731 625 776 aris
645 728 775 775 illico
794 761 811 783 ,
830 745 929 794 quae
948 729 994 775 in
1016 728 1081 776 eis
1100 722 1272 783 essent,

293 798 511 852 differere
532 799 681 848 coaffi
709 793 926 845 fuissent:
953 795 987 845 si
1006 795 1123 846 ver&
1145 798 1195 847 ὃς
1213 795 1271 845 de

293 869 520 921 altaribus
540 865 802 917 annuissent
820 902 837 924 ,
873 869 975 934 pari
1003 865 1272 915 curiositate

294 942 352 991 de
374 939 577 998 Hostia,
612 957 712 1006 quae
739 936 876 1004 super
903 936 1071 986 iisdem
1100 938 1271 985 immo-

294 1015 472 1069 laretur
490 1046 506 1068 ,
533 1008 724 1077 quaestio
744 1003 1095 1067 insurrexisset3
1125 1009 1200 1055 cui
1222 1020 1275 1055 ut

292 1079 539 1131 satisfieret
565 1115 581 1137 ,
617 1079 676 1128 de
712 1074 938 1125 ineffabili
975 1076 1273 1126 Eucharistiae

294 1156 598 1202 Sacramento
622 1147 821 1199 docendi
839 1148 889 1198 &
910 1147 1169 1197 altercandi
1188 1165 1270 1196 ne-

294 1220 473 1272 cessitas
491 1217 705 1269 Patribus
723 1216 1003 1268 incubuisset
1023 1240 1035 1268 z
1055 1219 1105 1269 &
1125 1220 1188 1266 ita
1210 1236 1276 1265 ar·-

294 1311 408 1342 cana
423 1328 438 1350 ‚
455 1293 505 1343 &
522 1287 820 1339 sacratissima
835 1289 968 1338 Fidei
986 1288 1149 1338 nostrae
1166 1307 1276 1356 my-

294 1364 431 1412 steria
461 1365 509 1410 in
541 1361 713 1428 vulgus
743 1356 888 1409 effusa
915 1356 1070 1408 forent
1094 1395 1110 1416 ,
1145 1358 1275 1426 quod

294 1433 433 1482 unice
460 1435 536 1481 SS.
553 1433 710 1480 Patres
725 1467 742 1488 ,
771 1431 821 1481 ὅ(
838 1431 1144 1498 peculiariter
1174 1430 1270 1498 pri-

294 1504 459 1552 mitivi
491 1499 812 1559 verebantur,
849 1501 905 1549 ne
937 1500 1168 1548 videlicet
1201 1501 1272 1546 in-

294 1571 543 1641 capacibus
566 1608 582 1631 ,
617 1572 666 1622 &
684 1573 883 1619 Ethnica
916 1568 1275 1639 superstitione-2

295 1639 471 1692 obtusis
492 1640 734 1690 mentibus
762 1642 857 1689 haec
876 1641 1163 1707 ingerendo,
1192 1640 1274 1687 de·

292 1712 496 1780 spicatui
527 1708 639 1758 fides
671 1708 846 1757 Christi
877 1708 1162 1764 haberetur,
1199 1725 1273 1755 re-

293 1798 497 1847 rumque
529 1793 627 1827 tam
657 1777 915 1847 grandium
942 1777 1189 1835 doctrina,
1221 1778 1272 1827 &

294 1870 366 1902 res
392 1849 497 1920 ipsae
513 1886 528 1908 ,
556 1851 789 1898 cachinnis
814 1845 1100 1899 &ludibriis
1123 1866 1269 1915 expo-

294 1935 519 1972 nerentur
534 1957 550 1979 ,
584 1917 920 1986 summumque
945 1915 1131 1968 fortasse
1159 1920 1270 1965 vitae

295 1992 547 2043 discrimen
568 1992 763 2039 innocui
779 1991 1011 2039 Dostores
1029 1986 1267 2036 subirent:

294 2061 554 2130 praesertim
591 2059 701 2109 cum
739 2059 789 2108 id
822 2060 1029 2109 maxime
1057 2056 1269 2108 Christus

297 2130 394 2200 ipse
418 2130 685 2180 cavendum
715 2129 802 2179 esse
837 2130 1055 2180 docuerit
1092 2132 1186 2184 (ut
1214 2145 1272 2176 ex

295 2202 473 2252 Matth.
498 2219 597 2269 cap.
619 2219 663 2261 7.
692 2218 823 2249 num.
842 2208 928 2264 6¹.)
958 2197 1039 2249 ubi
1069 2195 1272 2248 dileetis-

295 2271 421 2322 simae
440 2269 651 2321 Ecclefiae
670 2269 759 2320 suae
784 2269 995 2321 custodes
1010 2305 1027 2327 ,
1056 2269 1104 2319 &
1127 2266 1273 2336 pasto·-

297 2361 367 2392 res
387 2340 606 2392 erudiens
619 2377 634 2398 ,
653 2341 833 2400 Nolite,
851 2343 1003 2408 inquit
1016 2376 1033 2398 ,
1053 2341 1155 2390 dare
1163 2342 1271 2409 sizn-

295 2414 410 2463 {lum
426 2410 601 2462 canibus
619 2447 634 2469 ,
661 2419 788 2481 nequ}
804 2417 994 2462 mittatis
1017 2416 1273 2479 margaritas

295 2485 477 2534 vestras
502 2499 601 2531 ante
622 2496 795 2547 porcos,
824 2489 874 2533 1ιέ
886 2481 1009 2551 fort?
1036 2483 1276 2531 conculcent

297 2572 364 2603 eas
384 2554 565 2620 pedibus
584 2555 684 2623 fitis
714 2589 730 2611 ,
766 2556 820 2604 Θ
854 2553 1056 2622 converfi
1084 2554 1273 2622 disrum-

291 2638 401 2689 pant
426 2645 508 2677 ‘vos
524 2660 534 2671 .

369 2693 539 2760 Liquet
557 2695 704 2762 igitur
722 2712 782 2744 ex
799 2694 868 2742 his
885 2691 1278 2759 omnibus,quam

295 2760 542 2812 fallacibus
558 2763 872 2832 futilibusque
893 2766 1185 2834 argumentis
1204 2765 1276 2810 ni-

299 2847 459 2882 tantur
487 2834 519 2880 ii
539 2868 554 2889 ,
589 2837 669 2900 qui
691 2837 737 2882 in
758 2834 992 2902 prioribus
1019 2833 1168 2882 tribus
1186 2835 1273 2882 Ec-

299 2901 447 2953 clefiae
469 2900 642 2951 saeculis
669 2901 801 2954 fuisse
820 2919 993 2973 negant
1016 2903 1142 2953 sacra
1165 2904 1274 2953 aedi-

299 2973 403 3022 ficia
423 3009 439 3031 ,
463 2990 563 3039 quae
589 2975 614 3021 a
640 2975 942 3024 Coemeteriis
973 2973 1271 3043 Cryptisque

300 3043 518 3094 distincta
552 3041 738 3110 publice
767 3045 792 3090 a
823 3044 1066 3093 Fidelibus
1091 3044 1277 3094 adiren-

301 3129 404 3171 tur,
433 3116 482 3163 ὅ(
509 3111 623 3181 Γεερὲ
641 3129 841 3161 numero
860 3112 1073 3161 Ecclefiae
1090 3116 1274 3162 vocita-

302 3198 465 3234 rentur
483 3220 494 3231 .
529 3185 650 3250 Qae
670 3180 782 3231 cum
804 3200 1102 3251 propugnare
1118 3219 1135 3240 ,
1151 3186 1200 3232 ὅ(
1217 3183 1284 3230 as-

689 236 1130 289 VETERA
1202 232 1906 289 MONIMENTA

1327 305 1395 352 tio
1427 301 1786 361 dissertationis,
1825 304 1874 352 id
1906 300 2131 355 assecutus
2156 315 2294 372 jam-2
2338 330 2340 332 ’

1328 372 1521 422 tandem
1545 375 1745 432 videor,
1773 388 1844 422 tot
1863 374 2053 422 Patrurn
2077 374 2296 428 sanetiffi-

1325 461 1515 492 morum
1546 443 1774 513 suffragiis
1791 480 1808 502 ,
1845 458 1918 493 tot
1947 445 2300 512 probatissimo-

1323 531 1433 562 rum
1453 516 1750 583 bcriptorum
1770 515 2075 574 testimoniis,
2106 516 2203 584 ipsa
2220 519 2295 568 de-

1324 586 1466 650 nique
1492 588 1696 635 veritate
1713 621 1730 643 ‚
1752 583 1845 651 qua
1869 587 1989 633 nihil
2009 584 2188 636 firmius
2205 624 2221 646 ,
2246 591 2299 639 &

1324 655 1443 702 nihil
1470 658 1708 722 potentius
1727 690 1738 701 .
1777 656 1986 723 Ideoque
2017 659 2086 704 uti
2116 657 2300 708 diutius

1326 727 1373 772 in
1393 725 1461 772 his
1479 726 1726 774 immorari
1747 723 2149 791 supervacaneum
2169 725 2299 787 effet,

1326 792 1387 843 sic
1418 795 1475 843 ad
1508 797 1599 845 alia
1630 796 1870 845 calamum
1902 813 2184 863 promovere
2210 818 2298 867 op-

1325 880 1586 934 portunum
1604 901 1620 924 ,
1648 885 1700 915 ac
1721 866 1926 933 plurima
1945 867 2200 918 meditanti
2216 887 2299 918 ne-

1325 932 1571 996 cessarium
1591 936 1814 987 existimo
1832 970 1844 982 .

1470 1074 1844 1131 CAPUT
1916 1078 2158 1127 XVIII.

1327 1215 1604 1285 Ecclcfiarum
1629 1216 1839 1268 Elenchus
1855 1255 1872 1278 ,
1905 1223 1956 1267 in
1981 1217 2122 1268 tribus
2140 1224 2300 1286 primis

1443 1288 1630 1356 Ecclcfiae
1641 1289 1809 1355 fieculis
1827 1304 1909 1355 per
1931 1290 2189 1356 univerfiaem

1479 1374 1688 1409 terrarum
1707 1360 1864 1409 Orbem
1883 1366 1909 1410 ἃ
1926 1359 2150 1410 fidelibus

1633 1432 1971 1483 conHruHarum
1989 1468 2002 1479 .

1482 1572 1529 1618 D
1558 1573 1862 1638 praecedentis
1888 1569 2223 1622 dissertationis
2253 1568 2303 1618 fi-

1504 1640 1633 1699 dem,
1650 1640 2022 1707 fii·mitatemque
2041 1638 2308 1709 plurimum

1327 1709 1652 1767 conducebat,
1680 1709 1711 1758 fi
1742 1713 1767 1759 ὲ
1794 1709 2019 1778 gravibus
2040 1710 2308 1778 variisque,

1327 1780 1624 1847 Scriptorum
1653 1783 1967 1831 monimentis
1991 1795 2308 1850 excerptam-³

1325 1846 1493 1898 seriem
1511 1847 1822 1917 apposuissem
1841 1851 2156 1901 Eccleliarurn
2174 1888 2191 1909 ,
2209 1870 2310 1918 quae

1324 1917 1560 1987 prioribus
1589 1919 1737 1967 tribus
1766 1926 1790 1969 a
1809 1921 1998 1971 Christo
2025 1935 2136 1970 nato
2167 1922 2307 1970 saecu·

1324 1991 1378 2037 lis
1405 2024 1420 2047 ,
1459 1990 1508 2036 in
1541 1991 1787 2057 praecipuis
1819 1989 1964 2041 Orbis
1995 2005 2130 2039 terrae
2158 1993 2307 2059 regio·

1325 2058 1461 2108 nibus
1483 2061 1561 2107 vel
1584 2062 1800 2108 excitatae
1827 2062 1853 2109 a
1876 2058 2195 2110 fundamentis
2209 2060 2309 2110 fue*

1324 2148 1373 2179 re
1393 2165 1410 2186 ,
1448 2130 1526 2178 vel
1561 2146 1621 2178 ex
1651 2130 1765 2178 locis
1791 2128 1876 2178 usu
1911 2129 2306 2182 &habitationes

1324 2198 1529 2267 profanis
1557 2234 1574 2256 ,
1613 2201 1661 2246 in
1699 2198 1843 2249 sacras
1879 2202 1998 2250 aedes
2035 2199 2306 2251 conversae.

1325 2268 1512 2319 Verum
1531 2268 1642 2319 cum
1661 2288 1715 2319 ea
1741 2267 1798 2318 fit
1820 2274 2147 2339 Scepticorum
2171 2275 2310 2337 (quo-

1325 2359 1433 2389 rum
1454 2341 1545 2389 hoc
1569 2354 1785 2408 tempore
1802 2343 2011 2390 maxima
2043 2342 2180 2410 copia
2210 2340 2309 2403 est)

1327 2429 1458 2461 mens
1478 2411 1792 2479 &ingenium
1811 2445 1828 2467 ,
1865 2424 1919 2458 ut
1947 2414 2110 2461 omnia
2132 2412 2213 2460 vel
2231 2428 2308 2458 au-

1329 2481 1491 2530 dac'ter
1510 2495 1711 2548 negent,
1726 2481 1805 2530 vel
1827 2477 1861 2528 fi
1880 2479 2124 2545 mitiffime
2143 2494 2309 2549 agunt,

1329 2548 1474 2601 dubia
1505 2552 1634 2599 lance
1676 2550 1960 2620 suspendant
1991 2574 2008 2614 ;
2056 2549 2141 2600 diu
2176 2552 2305 2598 mul-

1330 2637 1525 2688 tumque
1544 2617 1750 2670 haefitavi
1768 2658 1785 2680 ,
1822 2639 1878 2668 an
1903 2622 2135 2690 pabulum
2157 2622 2307 2688 perti·

1331 2693 1435 2740 naci
1467 2691 1772 2759 impudentiae
1795 2709 2143 2760 proponerem,
2175 2692 2226 2742 &
2245 2691 2306 2739 al-

1318 2761 1540 2811 tercandi
1556 2779 1665 2809 cum
1683 2759 1788 2830 ipsis
1804 2778 1920 2810 onus
1941 2760 2149 2811 subirem
2161 2784 2176 2823 5
2188 2779 2306 2829 quo-

1327 2849 1434 2881 rum
1464 2844 1720 2898 utrumque
1749 2834 2044 2891 evitaturus,
2080 2834 2307 2881 omittere

1327 2904 1443 2951 hanc
1468 2904 1789 2953 narrationem
1815 2901 2209 2953 consultiffimum
2235 2899 2308 2951 es-

1328 2972 1372 3021 se
1393 2971 1625 3021 ducebam
1644 3009 1655 3020 .
1686 2978 1919 3023 Attamen
1940 2976 1997 3024 ne
2016 2974 2091 3042 pie
2113 2973 2308 3022 creden-

1329 3042 1453 3091 tibus
1479 3040 1696 3092 fraudem
1715 3080 1731 3102 ,
1758 3045 1808 3094 ὃ(
1824 3044 2148 3113 praejudicium
2171 3040 2306 3093 affer-

1326 3130 1430 3161 rem
1449 3149 1464 3170 ,
1494 3115 1679 3179 quaqua
1696 3116 1760 3164 eis
1780 3113 1893 3164 fides
1910 3114 2122 3164 habenda
2144 3110 2202 3162 fit
2221 3114 2307 3161 mi-

1335 3184 1464 3231 nime
1495 3181 1706 3233 solicitus
1735 3221 1751 3243 ,
1798 3187 1976 3254 templa
2005 3186 2086 3233 illa
2122 3180 2308 3245 servata

300 3253 451 3303 serere
477 3251 777 3324 propositum
805 3254 927 3302 mihi
948 3253 1094 3303 fuerit
1119 3251 1177 3301 ab
1194 3255 1283 3301 ini-
1334 3251 1645 3321 chronologia
1678 3254 1927 3305 recensebo
1947 3292 1959 3304 .
1994 3257 2156 3305 Multa
2187 3251 2308 3300 mihi

2120 3322 2308 3393 Ughel--
