2425 3747
308 237 330 269 x
344 222 402 277 38

300 292 460 337 vicem
479 305 561 336 nos
581 284 752 334 fineen}
774 305 847 333 am
855 286 997 353 plee‘ti
1026 282 1249 351 possimus
1266 320 1277 330 .

370 359 517 405 Primi
550 354 899 423 Anabaptistae,
932 371 1029 401 non
1058 349 1145 402 esse
1176 354 1278 402 ullo

300 428 438 498 pafto
478 425 766 474 aedificandas
795 421 1023 473 Ecclefias
1045 459 1061 482 ‚
1098 422 1279 472 mordi-

300 497 385 547 cus
403 493 749 545 contendebant
763 529 773 539 .
801 493 988 543 Deinde
1006 489 1248 542 assertores
1262 529 1281 552 ,

299 571 351 620 ὃς
374 564 544 614 alseclae
574 561 895 613 Petrobufiani
912 601 929 625 ‚
954 578 1010 612 ut
1027 562 1278 633 asperamus

301 639 440 687 nimis
456 635 732 701 opinionem
753 636 912 703 aliquo
929 647 1281 703 temperamen-

301 722 351 756 to
380 704 655 754 emollirent
674 739 690 762 ,
726 704 936 753 construi
972 705 1170 772 quidem
1206 724 1280 755 eas

299 771 426 846 posse
454 771 758 823 affirmabant
773 811 790 834 ,
827 777 1029 824 minime
1058 777 1176 826 vero
1199 794 1278 825 ex-

298 846 486 896 ornari.
520 843 781 893 Noviffimi
799 860 961 896 autem
976 881 992 904 ,
1018 848 1181 914 primis
1198 849 1282 894 Ec-

300 913 449 964 clefiae
466 914 762 984 temporibus
795 917 924 964 nulla
942 915 1120 966 Christi
1141 916 1281 965 Fide-

301 988 369 1037 les
388 982 584 1033 aedificia
620 986 916 1052 templorum
943 983 1148 1036 habuisse
1169 1005 1282 1035 una-

301 1056 421 1105 nimi
455 1056 641 1104 calculo
673 1053 973 1108 asseverant:
1010 1058 1058 1104 in
1092 1058 1183 1105 hoc
1219 1071 1285 1104 ta-

302 1143 414 1175 men
430 1124 670 1175 discordes
685 1162 702 1184 ,
738 1127 868 1194 quod
886 1128 967 1175 alii
984 1163 1001 1186 ,
1029 1139 1083 1174 ut
1100 1124 1281 1195 Hospi-

302 1198 469 1245 nianus
483 1231 500 1253 ,
528 1194 743 1258 duobus3
772 1198 884 1256 alii,
911 1211 966 1245 ut
984 1199 1176 1256 Ottius‚
1194 1200 1278 1245 tri-

302 1266 390 1315 bus
408 1267 570 1334 primis
588 1265 766 1316 saeculis
780 1303 797 1326 ‚
819 1266 914 1318 fine
932 1265 1069 1317 sacris
1088 1270 1281 1336 templis

304 1331 479 1405 degisse
504 1336 795 1387 Christianos
815 1336 1079 1387 affirmant.
1105 1340 1176 1386 Ex
1194 1356 1284 1406 qua

304 1407 683 1456 contradifflone
702 1411 845 1475 quam
867 1408 1082 1467 levibus,
1099 1411 1148 1460 &
1167 1411 1283 1457 ima-

304 1478 500 1546 ginariis
519 1480 809 1545 argumentis
827 1481 1072 1537 nitantur,
1090 1479 1210 1529 adeo
1229 1493 1285 1528 ut

307 1545 395 1616 ipfi
411 1545 494 1594 fibi
513 1565 607 1596 non
625 1549 865 1608 constent,
881 1549 1183 1619 perspicuum
1204 1550 1282 1599 est.

379 1619 566 1666 Verum
590 1620 700 1684 quia
715 1618 901 1668 duobus
923 1618 1158 1687 prioribus
1186 1618 1286 1669 sen-

305 1687 469 1736 tentiis
495 1690 523 1735 ὲ
548 1689 664 1733 viris
692 1687 971 1735 doetiffimis
990 1692 1196 1736 Baronio
1227 1690 1287 1737 ad

305 1775 413 1806 ann.
434 1772 515 1817 57.
548 1773 681 1803 num.
705 1775 723 1803 1
740 1775 758 1804 1
775 1775 814 1804 1.
842 1757 894 1806 ἃ
912 1758 1208 1806 Bellarmino
1240 1759 1289 1804 in

305 1839 426 1878 tom.
452 1845 492 1874 1.
524 1823 818 1875 controvers.
846 1824 930 1876 lib.
951 1841 995 1886 3.
1019 1846 1120 1897 cap.
1141 1846 1188 1891 4.
1223 1829 1293 1879 De

303 1901 421 1947 cultu
436 1898 469 1947 S
472 1896 691 1948 anHorum
707 1933 723 1955 ‚
749 1895 939 1946 abunde
969 1895 1287 1965 responsura„

308 1968 374 2016 est
389 2003 404 2024 ‚
435 1966 584 2016 libens
601 1981 826 2035 praetereo
843 2003 860 2026 ,
891 1969 1085 2017 tertiam
1105 1969 1181 2017 hic
1202 1986 1288 2054 pro

309 2036 495 2086 viribus
526 2035 846 2095 refutaturUS,
881 2036 1142 2106 praesertim
1174 2056 1287 2087 cum

309 2109 447 2157 unica
477 2109 572 2156 mei
597 2107 771 2156 laboris
787 2121 943 2167 meta,
974 2106 1200 2176 scopusue
1231 2107 1288 2157 fit

311 2178 372 2227 de
392 2178 686 2229 vetustarum
703 2176 1021 2227 Ecclefiarum
1039 2178 1288 2237 struthra,

311 2249 598 2314 illarumque
623 2251 910 2297 ornamentis
938 2245 1159 2299 disserere
1176 2286 1187 2295 .
1216 2251 1289 2303 Ut

312 2315 430 2366 vero
455 2316 579 2366 istud
605 2316 696 2384 qud
715 2336 798 2386 par
816 2317 881 2367 est
900 2317 981 2367 via
1010 2317 1138 2367 facili
1164 2355 1179 2378 ,
1215 2337 1288 2369 re-

311 2390 483 2457 giaque
507 2409 526 2446 ‚·
560 2385 655 2436 fine
688 2391 818 2437 tricis
846 2421 869 2447 ,-
900 2408 952 2438 ac
987 2389 1290 2439 diverticulis

313 2474 520 2525 exequar
536 2494 552 2516 ,
582 2460 730 2506 telam
753 2457 943 2522 hujusce
959 2457 1291 2510 dissertationis

313 2529 372 2578 ab
397 2526 641 2597 Apostolis
660 2530 821 2577 ordiar
842 2566 854 2578 .

384 2602 580 2648 Notum
599 2596 833 2667 profesto,
852 2602 903 2651 &
922 2600 1191 2671 innegabile
1210 2602 1294 2660 est,

316 2670 573 2736 Apostolos
606 2669 759 2720 adhuc
780 2669 1176 2740 Hierosolymis,
1214 2674 1297 2722 vel

318 2739 368 2785 in
387 2741 563 2787 vicinia
578 2755 934 2791 commorantes
950 2778 965 2800 ,
998 2757 1052 2792 ut
1079 2744 1307 2812 Evange·.

319 2808 470 2856 licum
498 2807 655 2858 semen
690 2809 995 2880 spargerent,
1032 2831 1300 2882 panemque

319 2875 529 2927 filiorum
549 2877 658 2927 filiis
675 2880 781 2948 ipfis
806 2890 974 2933 darent
987 2919 1003 2941 ,
1020 2885 1152 2933 nullo
1171 2885 1304 2935 dele·

319 2948 401 2997 &u
419 2950 497 2998 vel
518 2950 565 2996 in
585 2948 849 3017 Templum
866 2989 883 3012 ,
906 2955 984 3003 vel
1009 2957 1058 3001 in
1081 2958 1302 3025 Synago-

320 3037 434 3088 gas,
467 3017 709 3066 interdum
733 3022 784 3070 ὃς
816 3025 863 3069 in
897 3024 1066 3072 domos
1094 3028 1304 3093 privatas

321 3084 592 3138 convenisse
607 3125 623 3147 ,
649 3088 801 3158 eoque
820 3090 1090 3159 Discipulos
1106 3113 1304 3164 congre·

325 3157 474 3228 gasle,
499 3171 554 3208 ut
573 3157 709 3209 sacris
727 3158 958 3219 adessent,
988 3163 1038 3212 ὅ(
1058 3165 1104 3211 in
1125 3168 1303 3215 oratio-

324 3246 381 3278 ne
397 3265 414 3288 ,
453 3248 504 3278 ac
522 3234 835 3284 Sacramentis
854 3235 1300 3289 communicarent..

706 214 1140 270 VETERA
1212 212 1911 266 MONIMENTA

1402 285 1465 331 Et
1482 285 1679 350 quidem
1699 286 1826 352 quod
1846 287 1895 332 in
1913 284 2176 353 Templum
2196 305 2309 337 con·

1330 357 1583 413 venerint,
1612 374 1670 405 ex
1688 357 1929 405 Abiorum
1945 374 2046 423 cap.
2065 373 2109 402 2.
2126 375 2204 405 nu.
2221 370 2306 422 46.

1331 421 1579 473 clarissim&
1609 439 1741 493 patet
1766 462 1780 483 ‚
1810 424 1876 474 ibi
1909 447 1920 474 :
1957 425 2180 502 Qotidie
2207 447 2308 495 quo-

1332 502 1408 563 quc}
1428 495 1710 560 perdurantes
1735 501 1999 546 unanimiter
2027 502 2076 545 in
2104 498 2276 564 Templo
2294 534 2306 545 .

1335 566 1486 631 Qod.
1515 566 1631 614 vero
1663 569 1976 616 convenerint
2009 568 2057 614 in
2092 570 2310 635 Synago·

1336 654 1415 705 gas
1434 671 1450 693 ,
1481 653 1540 685 ex
1559 636 1799 686 Afrorum
1816 636 2079 686 eorundem
2108 656 2210 706 cap.
2231 658 2248 686 1
2263 653 2309 695 3.

1333 722 1519 766 num.5.
1540 703 1602 755 fic
1616 707 1834 756 habetur:
1853 707 2152 758 Praedicabant
2170 711 2309 765 (Sau-

1334 779 1404 825 lus
1423 778 1591 844 nempe*
1606 813 1622 834 ,
1651 779 1702 827 ὃς
1720 774 1988 840 Barnabas)
2019 778 2204 829 verbum
2223 779 2314 829 Dei

1334 852 1383 897 in
1400 847 1433 896 S
1422 852 1643 916 ynagogis
1669 848 1953 917 ‘Judaeorum2
1989 850 2039 897 &
2070 867 2203 897 num.
2232 868 2308 911 14.

1336 918 1519 986 Ingreſji
1531 919 1800 989 synagogam
1825 919 1898 968 die
1910 917 2191 969 sabbatorum
2208 954 2223 976 ‚
2240 921 2314 989 s}-
2340 911 2343 915 ⁵

1337 988 1498 1038 debant
1517 992 1610 1038 (ἴε.
2172 1048 2176 1051 ¹

1419 1061 1631 1106 Demum
1661 1058 1790 1125 quod
1822 1060 1873 1109 &
1904 1057 2073 1107 domos
2106 1060 2317 1126 privatas

1335 1129 1540 1177 adierint
1556 1165 1572 1187 ‚
1607 1128 1769 1195 ibique
1788 1130 2003 1178 unanimi
2031 1125 2209 1177 assensu
2229 1131 2317 1177 in„

1334 1200 1551 1248 oratione
1589 1199 1941 1267 perseverarint
1969 1235 1986 1258 ,
2023 1196 2225 1248 habetur
2257 1215 2322 1248 ex

1334 1268 1505 1318 iisdem
1531 1269 1736 1319 Actibus
1764 1289 1866 1338 cap.
1894 1290 1935 1319 1.
1966 1267 2048 1318 ubi
2081 1270 2318 1338 legimus,

1335 1340 1607 1407 Discipulos
1635 1339 2039 1406 Hierosolymam
2062 1344 2317 1388 redeuntes

1335 1413 1361 1461 ὲ
1393 1424 1559 1459 monte
1589 1412 1792 1461 Oliveto
1811 1447 1828 1468 ,
1861 1411 1920 1459 de
1947 1415 2081 1473 cujus
2108 1412 2320 1459 vertice,

1337 1480 1581 1531 Christum
1600 1484 1870 1530 Dominum
1903 1482 1950 1528 in
1970 1481 2150 1528 coelum
2168 1477 2322 1529 ascen·

1338 1552 1535 1601 dentem
1554 1552 1786 1602 viderunt
1799 1588 1814 1609 ,
1833 1551 2154 1601 Coenaculum
2176 1545 2320 1598 adiis-

1339 1622 1385 1670 se
1416 1656 1433 1680 ,
1475 1623 1524 1670 &
1557 1623 1614 1669 εῑό
1651 1618 1934 1676 ascendisse,
1969 1617 2052 1665 ubi
2088 1620 2322 1669 manebant

1342 1693 1502 1743 Petrus
1535 1694 1590 1739 ὠ·
1627 1691 1833 1758 <§ioannes
1851 1726 1868 1748 ‚
1905 1688 2107 1759 ‘Jacobu's
2137 1695 2192 1739 <9⁴
2217 1691 2326 1740 An-

1339 1762 1468 1811 dreas
1482 1795 1498 1817 ,
1515 1761 1749 1827 Philippus
1776 1765 1831 1811 θ’
1857 1761 2044 1811 Thomas
2056 1795 2072 1817 ‚
2090 1763 2322 1812 Bartholo-

1345 1851 1466 1882 maeus
1507 1834 1563 1880 (9⁴
1594 1832 1834 1882 Matthaeus
1853 1867 1867 1887 ‚
1895 1830 2094 1898 ‘Jacobus
2125 1833 2328 1899 Alphaei,

1340 1904 1491 1953 Simon
1509 1902 1680 1951 Zelotes
1695 1937 1710 1958 ,
1740 1905 1794 1950 &⁵
1812 1901 1967 1967 ‘'Judas
2002 1900 2170 1967 ‘Jacobs'
2185 1937 2201 1959 ‚
2224 1916 2325 1967 per-

1329 1970 1592 2043 fiverantes
1613 1975 1878 2020 unanimiter
1905 1976 1953 2019 in
1972 1976 2164 2018 oratione
2192 1991 2327 2027 cuna,

1341 2039 1590 2092 mulieribus
1608 2076 1624 2099 ,
1657 2046 1712 2093 ⁴&
1730 2046 1788 2090 Μ
1802 2058 1831 2088 A
1844 2054 1941 2089 ΒΚΑ
1959 2039 2114 2090 Matre
2130 2043 2164 2109 J
2182 2052 2209 2087 Ε
2222 2053 2243 2088 s
2257 2057 2295 2094 υ
2310 2078 2329 2100 ,

1340 2109 1625 2181 &fratribus
1640 2118 1731 2177 ejus
1746 2147 1759 2158 .

1414 2183 1582 2249 Neque
1614 2181 1690 2230 hi'c
1721 2178 2046 2231 omittendum
2080 2194 2197 2250 puto
2221 2184 2329 2249 Cyn·

1339 2255 1507 2302 rillum
1532 2250 2003 2319 Hierosolymorum
2020 2253 2330 2320 Episcopum,

1341 2326 1423 2392 qui
1457 2326 1624 2373 Catec.
1652 2332 1730 2371 16.
1768 2323 2092 2372 Coenaculum
2111 2320 2331 2371 Ecclefiae

1343 2394 1541 2444 nomine
1566 2393 1816 2460 appellat,
1856 2389 1952 2440 ibi:
1990 2393 2186 2456 Spiritus
2213 2394 2330 2443 San-

1347 2465 1441 2518 Hus
1459 2500 1475 2522 ,
1511 2468 1583 2532 qui
1601 2466 1799 2530 loquutus
1824 2464 1893 2512 es‘Z
1900 2476 1981 2526 per
1998 2463 2233 2529 Prophetas
2249 2498 2264 2520 ,
2284 2468 2334 2512 in

1353 2537 1426 2587 die
1443 2534 1713 2585 Pentecosses
1729 2533 2084 2600 descenditfitper
2098 2535 2335 2600 Apostolos

1350 2613 1399 2659 in
1430 2609 1548 2670 pecie
1565 2607 1809 2672 linguarum
1836 2609 2059 2672 ignearum
2088 2605 2159 2654 hic
2175 2604 2331 2654 Hiero-

1349 2679 1475 2748 lymis
1496 2676 1767 2742 insuperiori
1781 2672 1967 2743 ΕσεΙςΙῖα
1984 2709 1995 2720 .
2036 2677 2091 2722 In
2109 2677 2330 2743 superiori

1354 2741 1563 2816 profecfiffi
1581 2780 1597 2803 ,
1633 2761 1744 2792 nam
1779 2746 1827 2790 in
1846 2743 2077 2812 supremis
2108 2744 2329 2793 aedium..-

1354 2816 1631 2884 quarumvis
1661 2812 1906 2864 ordinibus
1924 2815 2187 2865 Coenacula
2217 2814 2334 2864 ster·

1354 2900 1465 2936 nere
1499 2905 1601 2936 mos
1627 2897 1758 2945 erat3
1786 2886 1836 2936 δε
1854 2884 2012 2934 Festus
2045 2881 2334 2953 apertissime}

1354 2954 1502 3005 tradit
1520 2993 1536 3016 ‚
1571 2958 1818 3024 Supremam
1843 2957 1993 3005 aedium
2011 2970 2178 3021 partem
2195 2972 2331 3005 totam

1355 3028 1623 3079 Coenaculum
1657 3029 1908 3093 appellatam
1926 3024 2064 3095 suff
2087 3061 2105 3084 ,
2140 3027 2201 3074 ad
2224 3026 2337 3094 quod

1343 3098 1481 3167 stalis
1515 3099 1807 3168 astenderetur
1825 3134 1837 3144 .

1426 3165 1668 3220 Caeterum
1691 3169 1785 3217 haec
1816 3163 2110 3218 consuetudo
2140 3165 2244 3215 loca
2271 3162 2330 3213 fi·

1354 3239 1493 3287 milia
1514 3238 1724 3289 adeundi
1749 3239 1827 3289 vel
1847 3237 1906 3287 ad
1923 3241 2060 3287 Sacra
2079 3234 2332 3352 conficiien-

2262 3323 2288 3351 a
2303 3340 2322 3363 ο
