2482 3742
726 237 1230 298 CAPUT
1324 238 1500 290 XIX.

187 314 344 362 Multa
372 311 461 359 alia
493 309 731 359 ornatiora
751 312 1044 363 monimenta
1062 344 1079 368 ,

114 395 282 451 praeter
302 380 439 429 allata
460 414 477 437 ‚
512 373 643 428 fuisse
671 382 991 448 comperimus
1018 397 1078 428 ex

112 455 189 499 tit.
219 451 287 505 De
301 451 538 520 sepulchris
565 451 784 508 violatis,
820 451 868 499 in
897 449 1078 505 Codice

110 520 301 569 Theod.
335 521 510 571 namin
529 517 611 568 lib.
633 537 678 568 2.
707 521 1078 569 columnarum-³

111 607 495 657 marinorumque
512 586 693 644 avulsio
708 627 725 649 ,
739 609 791 639 ac
807 587 995 640 ornatus
1011 590 1080 639 di-

110 661 314 709 minutio
334 659 657 711 interdicitur:
681 661 898 728 idemque
921 658 1080 708 statui-

108 743 188 778 tur
206 731 254 776 in
272 727 353 777 lib.
376 748 422 793 4.
443 749 495 778 ac
514 731 561 779 in
579 730 821 798 posteriori
839 728 920 778 lib.
945 747 991 791 5.
1024 728 1076 778 fit

107 799 288 848 mentio
314 798 373 849 de
393 801 709 858 ornamentis,
739 798 907 867 quibus
929 800 1075 848 tricli-

108 870 186 916 nia
211 866 565 936 sepulchrorum
579 906 597 929 ‚
635 890 687 920 ac
706 871 915 939 porticus
934 869 1075 920 deco-

107 936 334 987 rabantur
357 976 368 987 .

178 1009 348 1058 Praeter
379 1011 597 1081 allegatas
618 1013 740 1082 leges
760 1047 776 1069 ,
802 1029 903 1081 quae
928 1008 1079 1077 sepul-

106 1078 339 1126 chralium
368 1081 699 1131 columnarum
725 1084 1075 1137 meminerunt,

106 1144 408 1199 Caffiodorus
428 1153 634 1201 occurrit
649 1188 666 1210 ,
702 1154 783 1217 qui
802 1150 883 1200 lib.
901 1171 948 1215 4.
972 1150 1073 1202 Var.

106 1236 207 1285 cap.
224 1233 303 1282 34.
332 1218 580 1289 AEdificia,
604 1222 671 1269 ait
686 1256 702 1279 ,
727 1236 874 1290 tegant
891 1227 1074 1277 cineres,

105 1289 298 1338 columnae
326 1293 412 1340 vel
431 1307 641 1339 marmora
663 1308 815 1340 ornent
825 1291 1075 1360 sepulchra,

106 1359 268 1408 talenta
293 1377 374 1407 non
394 1376 589 1410 teneant.
631 1364 755 1410 ltem
789 1361 869 1409 lib.
891 1371 940 1410 6.
974 1360 1072 1410 Var.

105 1446 206 1495 cap.
227 1436 273 1484 8.
298 1431 344 1476 in
362 1425 567 1479 formula
598 1433 638 1484 C
640 1435 833 1482 omitivae
857 1433 1075 1483 Privata-

104 1516 197 1547 rum
210 1534 226 1556 ,
255 1501 310 1550 2¹9·
327 1505 417 1566 ejus
435 1503 691 1552 excellentiae
706 1537 723 1560 ,
750 1499 812 1550 fic
836 1501 1054 1568 loquitur
1063 1520 1074 1548 :

105 1567 161 1619 N
160 1574 179 1616 ὲ
199 1574 292 1638 quis
315 1574 492 1622 ‘vestita
514 1572 792 1622 marmoribus
808 1572 1078 1642 sepulchra-³

105 1640 312 1700 nudaret;
343 1647 393 1692 ne
421 1647 514 1710 quis
541 1645 824 1693 columnarum
853 1644 1076 1692 decorem-0

104 1711 343 1780 irreligiosa
370 1717 608 1761 temeritate
634 1714 895 1781 praeficmeret
919 1747 931 1758 .
970 1712 1072 1759 Cic.

105 1781 250 1828 etiam
275 1779 356 1828 lib.
374 1800 418 1829 2.
437 1783 507 1832 De
525 1780 687 1848 legibus
704 1783 753 1830 id
772 1779 930 1830 firmat
944 1819 960 1841 ‚
982 1778 1073 1828 ibi:

104 1850 353 1914 Sepulchris
383 1854 505 1901 nihil
528 1853 596 1902 eff
627 1852 740 1916 apud
763 1852 958 1902 Solonem
981 1867 1072 1898 am-

95 1922 215 1988 pliin
230 1956 246 1977 ‚
274 1926 396 1989 qusim
412 1940 462 1971 ne
476 1925 569 1990 quis
584 1938 631 1970 ea
644 1922 807 1979 deleat,
835 1940 949 1974 neve
967 1923 1073 1970 alie·

104 2008 204 2038 num
230 1987 389 2058 inseras
405 2028 415 2038 .
443 1992 495 2041 Si
511 1996 604 2060 quis
621 1990 793 2041 bustum
807 2027 823 2049 ,
854 2009 926 2042 aut
944 1992 1073 2041 moni-

106 2076 291 2109 mentum
310 2097 324 2119 ,
356 2078 427 2109 aut
452 2064 683 2110 columnam
709 2064 925 2119 violarit,
953 2062 1069 2125 deje-

105 2134 214 2179 cerit
230 2141 319 2181 &a
341 2133 409 2178 Ex
429 2129 622 2198 quibus,
637 2132 686 2181 ὅ(
703 2131 806 2180 aliis
823 2131 1072 2182 austorita·

104 2199 231 2248 tibus
248 2236 264 2258 ,
300 2219 398 2268 quae
416 2198 593 2269 possent
622 2198 760 2249 facil&
779 2202 982 2258 adduci,
1025 2199 1071 2248 id

106 2268 457 2320 consuetudinis
489 2270 615 2339 apud
645 2274 884 2320 Romanos
911 2263 1074 2319 fuisse,

104 2336 348 2390 inserimus
365 2377 381 2399 ,
405 2355 459 2389 ut
479 2338 557 2390 sua
570 2340 812 2409 sepulchra
830 2344 973 2391 etiam
995 2357 1072 2387 co-

104 2410 282 2459 lumnis
311 2413 552 2470 ornarint,
580 2429 779 2477 quarum
807 2425 952 2479 typos
980 2426 1074 2457 non

106 2498 200 2528 non
219 2481 473 2539 tradimus,
498 2480 607 2531 cum
627 2495 843 2549 tempore
859 2480 1075 2544 dejefflwe,

103 2551 154 2603 δι’
171 2548 426 2619 absumptae
440 2562 457 2608 ,'
473 2552 551 2601 vel
573 2552 665 2600 alio
683 2550 861 2601 fuerint
883 2550 1074 2599 transla-

104 2634 186 2673 tae.
227 2623 345 2688 Qae
376 2620 593 2673 ‚vidimus
622 2621 712 2672 hue
737 2619 890 2689 usque
924 2620 1075 2670 moni-

105 2705 300 2748 menta,
320 2692 508 2740 civium
528 2692 855 2759 privatorum,
883 2690 961 2740 seu
979 2708 1075 2738 me-

105 2760 173 2808 dii
210 2760 386 2812 ordinis
412 2757 551 2812 suere
585 2757 829 2829 sepulchra
857 2781 868 2809 ε
907 2757 1077 2809 infimae

103 2832 232 2880 enim
257 2831 541 2881 conditionis
561 2829 833 2883 hominibus
858 2827 1076 2881 funeran-

105 2900 176 2949 dis
198 2903 306 2950 loca
323 2899 516 2969 publica
528 2898 660 2951 fuisse
682 2899 849 2950 censeo
866 2936 882 2958 ,
911 2902 956 2948 in
974 2901 1076 2966 qui-

106 2968 190 3019 bus
209 2970 501 3039 singulorum
521 2972 623 3021 ollae
645 2969 851 3022 oss'uariae
868 3006 884 3028 ‚
912 2971 990 3021 vel
1010 2971 1074 3021 ci·

105 3044 295 3090 nerariae
322 3039 698 3093 collocabantur.
737 3042 885 3093 Sicuti
909 3041 1073 3094 Olim-³

107 3129 300 3178 campus
326 3124 426 3160 erat
442 3146 458 3167 ,
495 3111 541 3158 in
564 3128 657 3178 quo
676 3129 809 3160 mons
825 3107 1075 3161 Testaceus

108 3178 325 3249 assurgit,
342 3198 484 3248 quem
515 3198 602 3247 ego
629 3186 686 3229 ex
702 3179 946 3232 confraffls
970 3181 1076 3229 ollis

108 3248 314 3302 olsuariis
339 3251 641 3318 compassum
665 3251 952 3318 auctumque
986 3253 1075 3315 in..‚¹

2007 263 2026 290 1

1131 327 1236 358 eam
1254 311 1432 358 molem
1448 304 1642 358 crevisse
1663 307 1902 356 existimo:
1925 327 2008 366 nec
2030 263 2096 361 soi

1131 379 1239 429 lidis
1263 379 1539 443 conjedhiris
1558 374 1813 438 destituor3
1841 375 1951 425 cum
1972 383 2099 429 enim

1132 450 1367 518 hyemalis
1393 451 1565 518 glacies
1590 444 1751 497 fictilia
1779 445 1886 496 vasa
1915 444 1997 496 sub
2016 450 2099 498 dio

1132 517 1339 588 exposita
1357 518 1468 588 saepe
1492 519 1651 587 saepius
1667 515 1877 586 frangat,
1895 516 2099 586 cumque

1132 589 1296 641 fictiles
1315 605 1465 648 urnae,
1485 587 1562 639 seu
1582 588 1814 657 amphorae
1832 590 2070 638 cinerariae
2081 625 2099 647 ,

1127 659 1265 708 sacrae
1281 673 1590 727 putarentur3
1610 676 1667 707 ex
1687 676 1743 707 eo
1761 657 1952 707 credam
1974 661 2098 709 Gen-

1128 729 1256 784 tiles,
1272 727 1382 777 cum
1398 726 1627 796 disruptas
1644 728 1830 781 easdem
1847 727 2096 790 viderent,

1128 818 1180 849 ac
1203 797 1567 857 miserarentur,
1595 797 1850 848 decrevisse
1871 796 2097 848 testarum

1126 867 1390 940 fragmenta
1408 870 1570 918 omnia
1591 870 1638 916 in
1662 885 1809 916 unum
1824 884 2098 918 coacervan-

1128 939 1187 988 da
1210 976 1227 999 ,
1265 956 1582 1006 acervumque
1616 955 1674 988 ex
1703 939 1963 990 innumeris
1990 939 2096 987 illa·

1128 1024 1235 1061 rum
1251 1011 1491 1079 particulis
1507 1010 1676 1058 eo'loci
1693 1010 1986 1077 erigendum,
2000 1011 2098 1076 qui—

1129 1078 1212 1129 bus
1242 1080 1434 1132 tandem
1461 1078 1715 1128 immodice
1740 1079 1932 1147 aggestis
1960 1095 2096 1128 mons

1128 1151 1210 1200 ille
1236 1149 1487 1201 surrexerit
1504 1185 1515 1195 .
1552 1149 1782 1197 Plurimas
1808 1149 1919 1196 alias
1940 1154 2095 1210 conje-

1126 1220 1280 1269 sturas
1314 1215 1532 1272 afferrem
1559 1255 1577 1277 ,
1612 1217 1692 1268 sed
1727 1219 1837 1282 quia
1872 1216 2101 1279 brevitati

1128 1288 1319 1347 studeo,
1348 1285 1589 1339 occasione
1611 1288 1941 1357 opportuniori
1958 1283 2101 1340 fufius

1128 1375 1359 1428 reponam
1376 1394 1387 1405 .
2106 1365 2109 1369 “

1196 1433 1526 1479 Romanorum
1551 1424 1745 1476 aedificia
1765 1423 2071 1494 praemisimus
2085 1466 2103 1489 ,

1128 1517 1228 1569 quae
1266 1500 1469 1551 molium
1499 1495 1868 1567 sepulchralium
1900 1494 2099 1546 strut‘iu-

1127 1589 1231 1619 ram
1269 1570 1523 1638 respiciunt
1548 1589 1559 1616 :
1598 1565 1946 1634 exquirendum
1980 1586 2102 1617 nunc

1129 1639 1194 1692 est
1211 1657 1423 1707 quaenam
1438 1674 1453 1696 ‚
1469 1640 1517 1689 &
1537 1639 1691 1704 qualia
1708 1635 1952 1704 sepulchra
1966 1674 1981 1694 ‚
2004 1652 2100 1689 tam

1128 1707 1354 1779 grassante
1401 1707 1788 1777 persecutionum
1839 1705 2055 1756 turbine,
2080 1743 2097 1766 ,

1127 1783 1269 1847 quam
1290 1774 1474 1826 reddita
1495 1793 1605 1844 pace
1629 1772 1839 1823 Ecclesiae
1853 1810 1871 1833 ,
1899 1778 1925 1823 a
1941 1774 2102 1844 priscis

1129 1846 1305 1901 Christi
1325 1845 1567 1897 Fidelibus
1583 1841 1759 1894 fuerint
1782 1843 2003 1912 usurpata
2018 1882 2029 1893 .

1197 1915 1472 1984 Repetenda
1504 1917 1650 1982 igitur
1675 1932 1773 1980 quae
1799 1915 1937 1962 initio
1967 1916 2102 1980 hujus

1126 1990 1312 2056 Capitis
1330 1985 1456 2034 dic‘ia
1475 1983 1610 2040 sunt,
1630 1999 1830 2050 nempe:
1870 1985 2101 2035 Nationes

1127 2057 1347 2105 finitimas
1383 2053 1495 2122 saepe
1529 2052 1689 2120 saepius
1725 2054 1843 2101 ritus
1869 2087 1886 2110 ,
1923 2052 2100 2102 mores-

1125 2146 1215 2195 que
1235 2124 1326 2175 sel'e
1346 2127 1555 2173 invicem
1575 2122 1804 2182 edocere,
1821 2122 2103 2191 edocstasque

1124 2196 1385 2247 constanter
1412 2212 1494 2262 pro
1514 2190 1604 2246 suis
1626 2191 1816 2242 asserere
1837 2228 1848 2240 .
1884 2196 2100 2261 Quapro-

1125 2282 1231 2337 pter
1256 2264 1508 2315 Cnristiani
1545 2260 1655 2311 cum
1684 2261 1936 2320 viderent,
1971 2263 2100 2329 quod

1127 2341 1173 2387 in
1193 2338 1307 2387 Fide
1326 2333 1676 2383 commilitones
1692 2329 1996 2392 adeuwacriter
2012 2351 2097 2400 pro

1126 2407 1300 2460 Christi
1318 2406 1421 2473 lege
1437 2400 1732 2471 pugnabant,
1754 2416 1807 2449 ut
1827 2403 1981 2450 nullus
1999 2420 2100 2451 om-

1130 2476 1241 2529 nino
1268 2478 1449 2543 pavorj
1471 2486 1552 2523 aut
1573 2474 1804 2520 cruciatus
1819 2507 1834 2529 ‚
1859 2473 1907 2522 &
1929 2473 2100 2520 nulla„

1127 2543 1426 2601 acerbissimae
1450 2544 1614 2591 mortis
1637 2542 1808 2610 species
1827 2555 2000 2592 terrere
2022 2561 2101 2591 eos

1129 2613 1300 2686 posset,
1319 2616 1429 2682 quin
1451 2615 1593 2661 alacri
1615 2615 1772 2661 animo
1795 2629 1878 2678 pro
1897 2612 2099 2661 Redem-

1130 2702 1264 2756 ptore
1280 2681 1606 2753 gloriosissime
1624 2681 1976 2743 occumberent3
1991 2683 2099 2731 ideo

1132 2775 1218 2826 pro
1251 2752 1550 2809 memorabili
1585 2769 1752 2802 eorum
1778 2753 1970 2800 virtutis
1994 2788 2010 2809 ‚
2047 2772 2097 2800 ac

1132 2827 1319 2896 pie-tatis
1353 2823 1609 2873 constantia
1638 2859 1654 2880 ,
1689 2820 1955 2870 clanculum
1997 2825 2096 2889 plc-

1129 2913 1328 2962 rumque
1351 2893 1412 2943 ob
1435 2895 1658 2941 timorem
1683 2893 1942 2960 tyrannicae
1970 2905 2098 2958 pote·-

1129 2968 1253 3017 statis
1269 3001 1284 3023 ,
1308 2963 1567 3014 eorundem
1586 2962 1815 3011 cadavera
1835 2963 1911 3010 vel
1931 2958 2095 3008 iisdem

1127 3040 1174 3085 in
1203 3037 1315 3085 locis
1341 3032 1422 3082 ubi
1453 3034 1687 3100 Martyrii
1713 3049 1936 3081 coronam
1966 3046 2094 3076 rece-

1128 3119 1295 3176 perant
1311 3141 1327 3163 ,
1365 3104 1442 3152 vel
1464 3102 1577 3151 alibi
1609 3115 1750 3170 prout
1772 3112 2093 3167 opportunum

1126 3172 1282 3225 fuisset
1305 3171 1591 3243 sepeliebant
1607 3208 1618 3218 .
1645 3173 1773 3220 Hinc
1791 3169 1898 3234 quia
1921 3180 2016 3212 tam
2036 3165 2095 3217 de

1127 3245 1308 3295 mundo
1335 3280 1351 3304 ‚
1387 3246 1529 3310 quam
1555 3241 1613 3289 de
1639 3238 1851 3286 tartareis
1875 3237 2095 3301 tyrannis

1925 3317 2093 3353 trium-
