2425 3747
697 253 961 304 CAP

100 484 189 521 na,
221 467 371 512 multa
401 465 518 510 item
550 464 766 511 Rocchus
784 464 991 529 Pyrrhus
1019 466 1067 510 in

96 537 256 585 Sicilia
271 536 424 589 Sacra,
443 533 615 594 aliique
639 534 897 599 Scriptores
911 569 927 590 ,
958 535 1063 599 plu-

97 607 220 651 rima
245 605 446 667 denique
466 596 647 651 suffecit
669 600 1063 668 EysengreineuS‚

96 676 176 740 qui
204 673 501 719 luculentum
532 671 810 722 Trastatum
838 672 991 721 edidit
1015 674 1062 720 in

97 742 374 792 centenariis
389 776 403 796 ‚
420 742 489 791 De
502 741 855 812 perficzttionibus
879 746 932 792 (Τ
950 746 1064 791 exal-

94 811 332 861 tationibus
346 811 621 880 Ecclestarum
637 813 894 864 Christiani
907 813 1061 862 Orbis:

0 897 3 940 J
95 879 194 948 ipse
222 895 379 930 tamen
416 900 508 929 non
545 901 689 949 pauca
721 880 976 949 desumpsit
1007 900 1066 931 ex

91 952 230 999 Petro
269 950 327 999 de
365 952 572 1009 Natali,
609 971 750 1019 quem
787 954 856 999 uti
887 950 1063 1019 simpli-

90 1039 217 1078 cem,
232 1020 573 1087 credulamque
590 1022 805 1071 nonnulli
825 1021 1056 1069 derident.

93 1092 208 1140 Illos
243 1093 389 1157 igitur
421 1093 590 1141 adeant
614 1094 740 1142 oculi
766 1089 1055 1148 severiores,

90 1159 341 1228 dubiaeque
361 1174 569 1218 mentes,
600 1180 710 1211 cum
747 1162 840 1208 illis
871 1174 969 1209 tota
999 1162 1056 1209 lis

89 1244 343 1296 totumque
369 1234 615 1298 negotium
640 1230 697 1278 sit
714 1266 730 1286 ,
768 1232 815 1276 in
835 1228 1054 1278 eisdem-‚

90 1299 346 1347 scrutandis
371 1299 688 1367 librandisque
718 1312 904 1366 tempus
932 1302 965 1347 ii
990 1316 1058 1348 te·

86 1383 220 1426 rant,
237 1367 406 1435 quibus
423 1373 549 1417 Deus
569 1372 662 1419 h'aec
684 1371 781 1419 otia
797 1366 932 1417 fecit:
949 1369 1059 1418 cum

87 1440 207 1487 mihi
232 1440 381 1487 moles
413 1458 575 1489 rerum
601 1439 693 1507 quei
713 1457 902 1508 premor
922 1476 938 1497 ‚
974 1442 1059 1488 vix

87 1527 278 1578 carpere
299 1528 397 1576 quae
414 1510 489 1557 hic
508 1508 704 1575 subjicio
723 1547 738 1568 ,
776 1512 952 1558 nedum
974 1512 1059 1558 cri-

86 1582 185 1627 tico
217 1580 432 1628 examine
468 1582 736 1649 expendere
763 1617 780 1638 ‚
817 1595 953 1647 atque
991 1583 1055 1628 ri-

87 1650 209 1697 mari
230 1650 479 1717 permittat
501 1686 511 1696 .

343 1722 484 1767 Anno
516 1718 695 1769 Christi
718 1735 797 1776 33.

156 1786 517 1855 Hierosolymis
536 1791 594 1838 ad
611 1804 826 1838 montem
847 1791 957 1838 Sion
972 1825 988 1846 ,
1009 1790 1055 1836 in

81 1859 230 1908 domo
255 1863 296 1906 S.
313 1861 504 1923 Joannis
523 1857 832 1926 Evangelistae
861 1862 1051 1926 prima-s

84 1926 257 1977 Christi
275 1927 510 1977 Fidelium
526 1927 731 1976 Ecclesia
747 1925 940 1975 fundata
960 1928 1024 1975 est
1038 1963 1052 1984 ,

85 1997 170 2045 ubi
199 2000 250 2048 &
279 2000 494 2065 Princeps
524 1995 866 2065 Apostolorum
897 2000 948 2044 B.
974 1998 1053 2045 Pe-

83 2080 183 2117 trus
213 2070 518 2116 incruentum
549 2063 696 2116 Miffae
730 2060 1051 2115 sacrificium-2

84 2137 346 2186 celebravit
364 2175 374 2185 .
410 2136 679 2205 Hesychius
698 2136 850 2185 Presb.
873 2140 1049 2186 Hiero-

82 2206 258 2275 solym.
290 2209 455 2256 Astor.
492 2228 592 2276 cap.
624 2227 667 2255 2.
698 2207 747 2255 &
778 2222 857 2264 23.
887 2209 1053 2256 Beda-2

83 2275 264 2327 ibidem
280 2316 296 2337 ‚
328 2281 594 2349 &joannes
619 2275 858 2328 Caffianus
883 2277 1054 2329 eodem

87 2366 241 2397 anno.

447 2423 590 2468 Anno
616 2434 695 2481 34.

153 2492 277 2537 Item
302 2488 468 2537 domus
490 2493 540 2537 B.
560 2491 726 2537 Maria?
754 2487 1048 2554 Magdalenae

83 2558 131 2605 in
164 2560 400 2625 templum
435 2556 568 2607 versa
595 2557 687 2607 est.
720 2556 1045 2625 Bergomenlis

82 2629 151 2679 De
166 2631 293 2678 claris
312 2628 503 2679 Mulier.
533 2647 633 2695 cap.
659 2622 730 2685 17.
761 2627 1014 2697 Egefippus
1032 2664 1048 2685 ,

82 2715 226 2763 quem
258 2702 373 2747 citat
408 2697 505 2766 ipse
541 2697 863 2768 Bergomenlis
899 2735 915 2757 ,
963 2700 1048 2746 iii-³

61 2770 243 2821 ·Chron.
265 2767 347 2818 lib.
366 2777 410 2820 8.
515 2811 517 2815 Α

447 2842 588 2887 Anno
611 2846 690 2897 36.

151 2906 349 2958 Tiberio
372 2911 633 2976 imperante
647 2946 662 2967 ,
683 2912 730 2956 in
746 2906 857 2957 Asia
875 2911 925 2957 B.
942 2911 1047 2958 Phi-

83 2981 239 3047 lippus
266 2978 523 3047 Apostolus
554 2981 724 3027 multas
747 2982 900 3028 erexit
930 2979 1050 3027 Basi-

83 3050 311 3105 licas,t&
347 3048 619 3097 Sacerdotes
652 3050 710 3098 ad
744 3049 908 3099 divina
939 3069 1046 3097 mu-

83 3119 162 3166 nia
199 3117 413 3168 obeunda
448 3118 727 3166 constituit.
768 3120 1046 3187 Metaphra-

82 3187 169 3237 stes
198 3193 245 3236 in
276 3193 378 3240 Vita
401 3190 583 3257 ejusdem
614 3185 695 3235 sub
721 3189 796 3239 die
833 3210 907 3254 14.
945 3193 1048 3238 No-

82 3256 320 3310 vembris:
358 3260 655 3327 Nicephorus
677 3256 758 3306 lib.
781 3275 825 3317 3.
844 3279 943 3328 cap.
965 3275 1042 3322 39.

153 3327 297 3381 Par-I.

7 383 10 395 Ι
107 324 364 393 Ughellius
381 324 426 370 in
445 319 522 369 sua
540 319 674 372 Italia
683 324 839 389 sstem,
876 255 1081 372 Fratre}
1153 249 1200 324 T

5 415 9 444 .·
97 414 195 463 que
222 393 568 442 Sammarthani
601 395 648 440 in
667 392 817 442 Gallia
840 395 1067 443 christia·
1124 420 1127 423 ,

1296 249 1350 302 X
1368 247 1528 304 VIII.

1496 325 1639 370 Anno
1661 336 1738 382 37.

1195 393 1462 441 Antiochiae
1479 392 1775 458 Theophilus
1793 392 1912 440 civis
1929 402 2090 464 magni

2001 273 2092 317 155

1119 464 1324 510 nominis
1338 498 1353 518 ,
1381 461 1578 510 domum
1599 459 1730 508 suam
1749 461 2090 530 Apostolorum

1117 532 1322 598 Principi
1359 531 1558 581 tradidit
1581 567 1598 590 ‚
1633 544 1686 579 ut
1712 550 1816 581 eam
1846 534 1894 580 in
1923 536 2083 586 Eccle-

1117 600 1233 648 iiam
1261 599 1555 651 consecraret
1573 638 1584 648 .
1624 603 1694 648 Ex
1719 604 1971 654 Clemente
1999 608 2084 658 Re·

1116 690 1232 738 cogn.
1252 669 1335 717 lib.
1360 689 1435 723 10·
1457 673 1507 721 δε
1523 673 1660 720 Petro
1678 671 1736 722 de
1758 675 1922 723 Natali
1940 673 2022 723 lib.
2039 692 2086 736 3.

1115 760 1216 809 cap.
1245 758 1355 803 140.

1124 840 1127 842 -
1426 812 1570 858 Anno
1592 810 1787 861 eodem.

1186 879 1334 948 Apud
1355 881 1555 947 Scythas
1571 884 1834 949 praecitatus
1853 885 1896 932 S.
1914 885 2087 955 Philip-

1114 967 1199 1017 pus
1224 950 1480 1017 Apostolus
1506 952 1639 1018 plura
1666 954 1846 1020 templa
1872 953 2083 1004 constru-

1111 1023 1211 1080 xit,
1231 1018 1498 1086 multosque
1520 1019 1770 1090 Episcopos
1783 1059 1798 1081 ,
1824 1025 2077 1091 Presbyte-

1111 1109 1216 1149 ros,
1252 1104 1392 1157 atque
1424 1092 1540 1138 alios
1569 1094 1700 1140 Cleri
1729 1094 1917 1144 ordines
1948 1095 2078 1143 insti.

1112 1164 1228 1209 tuit.
1261 1158 1605 1227 Metaphrastes
1631 1162 1678 1207 in
1709 1161 1919 1224 ejusdem
1939 1167 2056 1214 Vita
2072 1200 2083 1213 .

1415 1235 1557 1278 Anno
1586 1230 1783 1278 eodem.

1183 1298 1515 1368 Compostellae
1533 1335 1550 1356 ,
1580 1300 1713 1367 Lupa
1731 1298 1972 1369 Hispaniae
1990 1307 2086 1352 Re-

1112 1372 1220 1438 gina
1254 1388 1311 1417 ex
1343 1370 1518 1437 palatio
1547 1405 1562 1426 ,
1599 1369 1727 1435 quod
1757 1372 2083 1430 inhabitarat3

1114 1441 1351 1507 templum
1388 1441 1510 1487 miro
1548 1457 1690 1506 opere
1727 1436 2081 1491 fabrefactum

1112 1508 1408 1577 composuit,
1438 1509 1566 1576 quod
1586 1509 1820 1579 S.Jacobo
1843 1511 2083 1561 Zebedaeo

1110 1580 1312 1628 sacravit
1328 1617 1339 1626 .
1379 1581 1609 1628 Antonin.
1632 1598 1728 1647 par.
1755 1599 1794 1628 1.
1819 1584 1892 1630 tit.
1909 1593 1958 1633 6.
1977 1602 2015 1629 c.
2033 1601 2078 1641 7.

1109 1653 1271 1698 Petrus
1294 1651 1351 1697 de
1373 1651 1535 1696 Natali
1557 1648 1639 1695 lib.
1659 1660 1707 1698 6.
1738 1670 1776 1697 c.
1803 1671 1819 1698 1
1834 1667 1912 1709 33.
1943 1656 2080 1701 Man-⁴

1110 1733 1274 1766 tuanus
1289 1723 1337 1765 in
1351 1717 1500 1765 Faflis
1521 1715 1601 1762 lib.
1620 1736 1665 1774 7.

1407 1786 1588 1834 Eodem
1606 1789 1751 1835 Anno
1769 1824 1780 1834 .

1178 1858 1342 1906 Eresta
1363 1855 1455 1902 fuit
1476 1854 1883 1924 Caesaraugustana
1914 1860 2078 1909 Basili-

1106 1947 1158 1975 ca
1173 1962 1189 1984 ,
1218 1928 1267 1975 ὃς
1287 1929 1334 1972 in
1355 1926 1583 1973 honorem
1603 1928 1818 1992 Deiparae
1840 1930 2076 1979 consecra-

1106 2012 1153 2044 ta
1174 2032 1185 2043 .
1215 1999 1294 2064 Jo:
1327 1993 1530 2062 Baptista
1563 1994 1621 2043 de
1659 1996 1843 2045 Lezana
1877 2001 1925 2045 in
1956 1999 2076 2050 sua-2

1105 2068 1243 2117 Tum·
1263 2066 1496 2117 Davidica
1520 2083 1619 2132 cap.
1639 2081 1681 2124 5.
1703 2083 1833 2115 num.
1859 2078 1960 2131 346
1964 2106 1974 2116 .
1992 2075 2073 2119 In-

1108 2134 1213 2185 coff.
1243 2138 1288 2182 in
1313 2135 1455 2202 Epist.
1486 2138 1634 2183 Beatae
1657 2139 1836 2187 MAR1AE
1858 2141 2078 2207 Virginis

1108 2209 1166 2256 ad
1188 2205 1484 2274 Mffmenses
1514 2206 1653 2252 notit.
1688 2224 1732 2263 7.
1755 2210 1963 2274 Joannes
1991 2213 2074 2259 Ba-

1109 2275 1245 2347 ptista
1261 2289 1319 2324 de
1341 2272 1491 2325 Gross]
1508 2276 1556 2321 in
1570 2277 1609 2325 C
1611 2281 1757 2323 amnia
1770 2277 1803 2326 S
1805 2295 1900 2326 acra
1914 2280 2075 2330 chord.

1114 2368 1159 2395 2.
1178 2345 1441 2395 modulam.
1464 2365 1503 2392 1.
1526 2363 1628 2413 pag.
1652 2351 1726 2395 18.

1473 2418 1616 2463 Anno
1635 2435 1716 2479 44.

1172 2492 1396 2537 Matrona
1422 2485 1636 2551 quaedam
1660 2485 1923 2534 Christiana
1954 2488 2068 2535 Gal-

1099 2560 1271 2615 licana,
1286 2557 1410 2625 apud
1433 2553 1744 2605 vasatensem
1769 2556 1938 2606 urbem
1953 2576 2074 2614 ‚rne-

1101 2631 1261 2677 moriae
1294 2631 1336 2675 S.
1357 2627 1556 2695 joannis
1577 2625 1787 2692 Baptistae
1815 2626 2072 2676 Ecclesiam

1103 2699 1309 2747 dicavit.
1339 2697 1600 2763 Gregorius
1619 2695 1905 2745 Turonensis
1924 2700 1970 2744 in
1987 2697 2069 2744 lib.

1103 2770 1218 2819 Flor.
1228 2772 1343 2835 plur.
1364 2767 1562 2834 Martyr.
1588 2764 1718 2814 edito
1744 2763 1827 2814 sub
1850 2769 2068 2837 VitaJo·

1102 2841 1231 2886 annis
1253 2835 1466 2905 Baptistae
1485 2872 1495 2882 .

1333 2908 1576 2973 Tempore
1604 2909 1663 2952 D.
1684 2906 1838 2954 Petri.

1182 2979 1390 3028 Cataniae
1423 2975 1549 3043 apud
1582 2976 1764 3025 AEtnam
1797 2976 2064 3031 Pantheon,

1101 3048 1229 3115 quod
1248 3047 1315 3096 ibi
1331 3044 1579 3096 aedificarat
1596 3047 1763 3113 populi
1782 3045 2066 3101 idololatria,

1100 3121 1148 3166 in
1183 3117 1365 3166 sacrum
1400 3118 1636 3184 templum
1666 3112 1948 3164 conversum
1975 3110 2079 3161 fuit?

1102 3189 1159 3236 ab
1197 3188 1296 3256 ipso
1334 3185 1677 3255 Apostolorum
1714 3184 1925 3248 Principe
1955 3217 1972 3238 ,
2008 3202 2062 3230 ac

1099 3261 1315 3328 Deiparae
1341 3256 1634 3306 venerationi
1665 3252 1902 3312 dicatum,
1932 3264 1986 3298 ut
2005 3270 2063 3299 ex

1538 3327 1588 3371 V
1627 3339 1652 3368 2
1937 3323 2060 3369 anti-
