<?xml version="1.0" encoding="UTF-8"?>
<!DOCTYPE html PUBLIC "-//W3C//DTD XHTML 1.0 Transitional//EN"
    "http://www.w3.org/TR/xhtml1/DTD/xhtml1-transitional.dtd">
<html xmlns="http://www.w3.org/1999/xhtml" xml:lang="en" lang="en">
 <head>
  <title>
</title>
<meta http-equiv="Content-Type" content="text/html;charset=utf-8" />
  <meta name='ocr-system' content='tesseract 3.04.00' />
  <meta name='ocr-capabilities' content='ocr_page ocr_carea ocr_par ocr_line ocrx_word'/>
</head>
<body>
  <div class='ocr_page' id='page_1' title='image "./joannisciampinir01ciam_0132.png"; bbox 0 0 2425 3747; ppageno 0'>
   <div class='ocr_carea' id='block_1_1' title="bbox 287 253 1264 458">
    <p class='ocr_par' dir='ltr' id='par_1_1' title="bbox 287 253 1264 458">
     <span class='ocr_line' id='line_1_1' title="bbox 289 253 1264 387; baseline -0.004 -19"><span class='ocrx_word' id='word_1_1' title='bbox 289 253 741 387; x_wconf 57' lang='lat' dir='ltr'><strong>ssieroglyphicum</strong></span> <span class='ocrx_word' id='word_1_2' title='bbox 775 320 1036 386; x_wconf 80' lang='lat' dir='ltr'>explicaret</span> <span class='ocrx_word' id='word_1_3' title='bbox 1071 352 1080 361; x_wconf 92' lang='lat'>.</span> <span class='ocrx_word' id='word_1_4' title='bbox 1121 314 1264 364; x_wconf 82' lang='lat' dir='ltr'>Sedet</span> 
     </span>
     <span class='ocr_line' id='line_1_2' title="bbox 287 384 1263 458; baseline -0.001 -22"><span class='ocrx_word' id='word_1_5' title='bbox 287 386 362 436; x_wconf 70' lang='lat' dir='ltr'><strong>hic</strong></span> <span class='ocrx_word' id='word_1_6' title='bbox 378 385 513 456; x_wconf 80' lang='lat' dir='ltr'><strong>supra</strong></span> <span class='ocrx_word' id='word_1_7' title='bbox 532 407 702 458; x_wconf 86' lang='lat' dir='ltr'><strong>rupem</strong></span> <span class='ocrx_word' id='word_1_8' title='bbox 718 386 946 444; x_wconf 79' lang='lat' dir='ltr'><strong>Christus,</strong></span> <span class='ocrx_word' id='word_1_9' title='bbox 961 384 1099 454; x_wconf 88' lang='lat' dir='ltr'><strong>supra</strong></span> <span class='ocrx_word' id='word_1_10' title='bbox 1118 386 1263 435; x_wconf 84' lang='lat' dir='ltr'><strong>aliam</strong></span> 
     </span>
    </p>
   </div>
   <div class='ocr_carea' id='block_1_2' title="bbox 697 212 1910 305">
    <p class='ocr_par' dir='ltr' id='par_1_2' title="bbox 697 212 1910 305">
     <span class='ocr_line' id='line_1_3' title="bbox 697 212 1910 305; baseline 0.001 -3"><span class='ocrx_word' id='word_1_11' title='bbox 697 247 1131 302; x_wconf 77' lang='lat' dir='ltr'><em>VETERA</em></span> <span class='ocrx_word' id='word_1_12' title='bbox 1205 212 1910 305; x_wconf 74' lang='lat' dir='ltr'><strong><em>MONIMENTA</em></strong></span> 
     </span>
    </p>
   </div>
   <div class='ocr_carea' id='block_1_3' title="bbox 1313 314 2289 464">
    <p class='ocr_par' dir='ltr' id='par_1_3' title="bbox 1313 314 2289 464">
     <span class='ocr_line' id='line_1_4' title="bbox 1315 314 2287 393; baseline 0.01 -28"><span class='ocrx_word' id='word_1_13' title='bbox 1315 314 1377 365; x_wconf 86' lang='lat' dir='ltr'><strong>fic</strong></span> <span class='ocrx_word' id='word_1_14' title='bbox 1401 318 1572 368; x_wconf 78' lang='lat' dir='ltr'>tradit:</span> <span class='ocrx_word' id='word_1_15' title='bbox 1610 321 1771 372; x_wconf 84' lang='lat' dir='ltr'><strong>Euntes</strong></span> <span class='ocrx_word' id='word_1_16' title='bbox 1807 338 1947 371; x_wconf 81' lang='lat' dir='ltr'><strong>autem</strong></span> <span class='ocrx_word' id='word_1_17' title='bbox 1975 321 2197 390; x_wconf 77' lang='lat' dir='ltr'><strong>Difiipuli</strong></span> <span class='ocrx_word' id='word_1_18' title='bbox 2211 322 2287 393; x_wconf 81' lang='lat' dir='ltr'><strong>fe—</strong></span> 
     </span>
     <span class='ocr_line' id='line_1_5' title="bbox 1313 390 2289 464; baseline 0.01 -30"><span class='ocrx_word' id='word_1_19' title='bbox 1313 403 1459 436; x_wconf 81' lang='lat' dir='ltr'><strong>cerunt</strong></span> <span class='ocrx_word' id='word_1_20' title='bbox 1470 390 1586 457; x_wconf 79' lang='lat' dir='ltr'><strong>ficut</strong></span> <span class='ocrx_word' id='word_1_21' title='bbox 1597 399 1795 458; x_wconf 73' lang='lat' dir='ltr'><strong>praecepir</strong></span> <span class='ocrx_word' id='word_1_22' title='bbox 1814 396 1909 443; x_wconf 78' lang='lat' dir='ltr'><strong>illis</strong></span> <span class='ocrx_word' id='word_1_23' title='bbox 1927 393 2069 464; x_wconf 72' lang='lat' dir='ltr'><strong>‘Jefits</strong></span> <span class='ocrx_word' id='word_1_24' title='bbox 2085 431 2101 451; x_wconf 87' lang='lat'><strong>,</strong></span> <span class='ocrx_word' id='word_1_25' title='bbox 2131 398 2186 445; x_wconf 69' lang='lat'><strong>&amp;⁵</strong></span> <span class='ocrx_word' id='word_1_26' title='bbox 2212 396 2289 444; x_wconf 78' lang='lat' dir='ltr'><strong>ad·</strong></span> 
     </span>
    </p>
   </div>
   <div class='ocr_carea' id='block_1_4' title="bbox 283 456 2293 602">
    <p class='ocr_par' dir='ltr' id='par_1_4' title="bbox 283 456 2293 602">
     <span class='ocr_line' id='line_1_6' title="bbox 286 456 2293 532; baseline -0.002 -24"><span class='ocrx_word' id='word_1_27' title='bbox 286 459 404 508; x_wconf 69' lang='lat' dir='ltr'><strong>ver&amp;</strong></span> <span class='ocrx_word' id='word_1_28' title='bbox 423 459 736 509; x_wconf 87' lang='lat' dir='ltr'><strong>humiliorem</strong></span> <span class='ocrx_word' id='word_1_29' title='bbox 762 458 848 506; x_wconf 86' lang='lat' dir='ltr'><strong>stat</strong></span> <span class='ocrx_word' id='word_1_30' title='bbox 867 456 1132 514; x_wconf 86' lang='lat' dir='ltr'><strong>Diabolus,</strong></span> <span class='ocrx_word' id='word_1_31' title='bbox 1166 457 1261 505; x_wconf 81' lang='lat' dir='ltr'><strong>alas</strong></span> <span class='ocrx_word' id='word_1_32' title='bbox 1314 457 1529 510; x_wconf 77' lang='lat' dir='ltr'><strong>duxerunt</strong></span> <span class='ocrx_word' id='word_1_33' title='bbox 1548 462 1738 529; x_wconf 75' lang='lat' dir='ltr'><strong>astnum,</strong></span> <span class='ocrx_word' id='word_1_34' title='bbox 1774 469 1829 515; x_wconf 70' lang='lat'><strong>&amp;⁵</strong></span> <span class='ocrx_word' id='word_1_35' title='bbox 1845 467 2013 528; x_wconf 83' lang='lat' dir='ltr'><strong>pullum</strong></span> <span class='ocrx_word' id='word_1_36' title='bbox 2029 487 2044 526; x_wconf 80' lang='lat'>3</span> <span class='ocrx_word' id='word_1_37' title='bbox 2074 467 2129 515; x_wconf 63' lang='grc' dir='ltr'><strong>Θ·</strong></span> <span class='ocrx_word' id='word_1_38' title='bbox 2157 470 2293 532; x_wconf 74' lang='lat' dir='ltr'><strong>impo-</strong></span> 
     </span>
     <span class='ocr_line' id='line_1_7' title="bbox 283 527 2293 602; baseline 0.003 -26"><span class='ocrx_word' id='word_1_39' title='bbox 283 531 354 578; x_wconf 83' lang='lat' dir='ltr'><strong>uti</strong></span> <span class='ocrx_word' id='word_1_40' title='bbox 380 531 590 599; x_wconf 78' lang='lat' dir='ltr'><strong>Angelus</strong></span> <span class='ocrx_word' id='word_1_41' title='bbox 613 546 778 598; x_wconf 86' lang='lat' dir='ltr'><strong>gerens</strong></span> <span class='ocrx_word' id='word_1_42' title='bbox 800 564 810 574; x_wconf 88' lang='lat'><em>.</em></span> <span class='ocrx_word' id='word_1_43' title='bbox 851 527 975 576; x_wconf 67' lang='lat' dir='ltr'><strong>Pone</strong></span> <span class='ocrx_word' id='word_1_44' title='bbox 1000 527 1127 575; x_wconf 89' lang='lat' dir='ltr'><strong>hunc</strong></span> <span class='ocrx_word' id='word_1_45' title='bbox 1158 527 1261 576; x_wconf 85' lang='lat' dir='ltr'><strong>duae</strong></span> <span class='ocrx_word' id='word_1_46' title='bbox 1302 529 1483 597; x_wconf 74' lang='lat' dir='ltr'><strong>suerunt</strong></span> <span class='ocrx_word' id='word_1_47' title='bbox 1506 533 1636 599; x_wconf 73' lang='lat' dir='ltr'><strong>super</strong></span> <span class='ocrx_word' id='word_1_48' title='bbox 1668 553 1734 582; x_wconf 80' lang='lat' dir='ltr'><strong>eos</strong></span> <span class='ocrx_word' id='word_1_49' title='bbox 1767 537 2041 585; x_wconf 57' lang='lat' dir='ltr'><strong>vestimenta</strong></span> <span class='ocrx_word' id='word_1_50' title='bbox 2066 536 2150 602; x_wconf 74' lang='lat' dir='ltr'><strong>fita</strong></span> <span class='ocrx_word' id='word_1_51' title='bbox 2180 573 2195 593; x_wconf 87' lang='lat'>,</span> <span class='ocrx_word' id='word_1_52' title='bbox 2238 541 2293 588; x_wconf 59' lang='grc' dir='ltr'><strong>(Τ</strong></span> 
     </span>
    </p>
   </div>
   <div class='ocr_carea' id='block_1_5' title="bbox 257 595 1266 3339">
    <p class='ocr_par' dir='ltr' id='par_1_5' title="bbox 275 595 1263 1231">
     <span class='ocr_line' id='line_1_8' title="bbox 282 595 1259 666; baseline -0.004 -17"><span class='ocrx_word' id='word_1_53' title='bbox 282 601 516 649; x_wconf 73' lang='lat' dir='ltr'><strong>columnae</strong></span> <span class='ocrx_word' id='word_1_54' title='bbox 546 596 866 666; x_wconf 84' lang='lat' dir='ltr'><strong>consurgunt,</strong></span> <span class='ocrx_word' id='word_1_55' title='bbox 903 617 1016 665; x_wconf 87' lang='lat' dir='ltr'><strong>quas</strong></span> <span class='ocrx_word' id='word_1_56' title='bbox 1046 595 1259 655; x_wconf 85' lang='lat' dir='ltr'><strong>ferrum,</strong></span> 
     </span>
     <span class='ocr_line' id='line_1_9' title="bbox 281 667 1261 736; baseline -0.001 -16"><span class='ocrx_word' id='word_1_57' title='bbox 281 668 382 720; x_wconf 84' lang='lat' dir='ltr'><strong>five</strong></span> <span class='ocrx_word' id='word_1_58' title='bbox 402 668 517 736; x_wconf 90' lang='lat' dir='ltr'><strong>quid</strong></span> <span class='ocrx_word' id='word_1_59' title='bbox 531 667 665 715; x_wconf 80' lang='lat' dir='ltr'><strong>aliud</strong></span> <span class='ocrx_word' id='word_1_60' title='bbox 683 668 926 718; x_wconf 64' lang='lat' dir='ltr'><strong>connestit</strong></span> <span class='ocrx_word' id='word_1_61' title='bbox 939 706 955 728; x_wconf 94' lang='lat'>,</span> <span class='ocrx_word' id='word_1_62' title='bbox 982 685 1126 735; x_wconf 84' lang='lat' dir='ltr'><strong>atque</strong></span> <span class='ocrx_word' id='word_1_63' title='bbox 1146 669 1261 718; x_wconf 79' lang='lat' dir='ltr'><strong>inde</strong></span> 
     </span>
     <span class='ocr_line' id='line_1_10' title="bbox 277 738 1262 808; baseline -0.002 -18"><span class='ocrx_word' id='word_1_64' title='bbox 277 743 305 790; x_wconf 72' lang='grc' dir='ltr'>ἐ</span> <span class='ocrx_word' id='word_1_65' title='bbox 341 738 501 787; x_wconf 86' lang='lat' dir='ltr'><strong>medio</strong></span> <span class='ocrx_word' id='word_1_66' title='bbox 535 739 715 806; x_wconf 80' lang='lat' dir='ltr'>lampas</span> <span class='ocrx_word' id='word_1_67' title='bbox 751 739 931 808; x_wconf 81' lang='lat' dir='ltr'><strong>pendet</strong></span> <span class='ocrx_word' id='word_1_68' title='bbox 950 778 960 787; x_wconf 94' lang='lat'><strong><em>.</em></strong></span> <span class='ocrx_word' id='word_1_69' title='bbox 1003 741 1262 789; x_wconf 84' lang='lat' dir='ltr'>Columnis</span> 
     </span>
     <span class='ocr_line' id='line_1_11' title="bbox 281 809 1260 876; baseline 0.003 -19"><span class='ocrx_word' id='word_1_70' title='bbox 281 809 508 857; x_wconf 84' lang='lat' dir='ltr'><strong>imminet</strong></span> <span class='ocrx_word' id='word_1_71' title='bbox 545 826 680 857; x_wconf 83' lang='lat' dir='ltr'><strong>arcus</strong></span> <span class='ocrx_word' id='word_1_72' title='bbox 711 846 728 866; x_wconf 90' lang='lat'><em>,</em></span> <span class='ocrx_word' id='word_1_73' title='bbox 782 812 922 876; x_wconf 88' lang='lat' dir='ltr'><strong>eique</strong></span> <span class='ocrx_word' id='word_1_74' title='bbox 971 809 1260 860; x_wconf 67' lang='lat' dir='ltr'><strong>construstio</strong></span> 
     </span>
     <span class='ocr_line' id='line_1_12' title="bbox 279 876 1261 948; baseline 0.004 -23"><span class='ocrx_word' id='word_1_75' title='bbox 279 879 498 946; x_wconf 78' lang='lat' dir='ltr'><strong>quaedam</strong></span> <span class='ocrx_word' id='word_1_76' title='bbox 527 878 800 937; x_wconf 88' lang='lat' dir='ltr'><strong>incumbit,</strong></span> <span class='ocrx_word' id='word_1_77' title='bbox 833 880 926 948; x_wconf 60' lang='lat' dir='ltr'><strong>qud</strong></span> <span class='ocrx_word' id='word_1_78' title='bbox 957 876 1081 930; x_wconf 70' lang='lat' dir='ltr'><strong>forte</strong></span> <span class='ocrx_word' id='word_1_79' title='bbox 1112 880 1261 930; x_wconf 91' lang='lat' dir='ltr'><strong>Tem-</strong></span> 
     </span>
     <span class='ocr_line' id='line_1_13' title="bbox 277 947 1259 1019; baseline 0.004 -22"><span class='ocrx_word' id='word_1_80' title='bbox 277 952 416 1018; x_wconf 83' lang='lat' dir='ltr'><strong>plum</strong></span> <span class='ocrx_word' id='word_1_81' title='bbox 442 947 762 1018; x_wconf 80' lang='lat' dir='ltr'><strong>significatur,</strong></span> <span class='ocrx_word' id='word_1_82' title='bbox 791 964 846 998; x_wconf 92' lang='lat' dir='ltr'><strong>ut</strong></span> <span class='ocrx_word' id='word_1_83' title='bbox 870 950 1101 1000; x_wconf 88' lang='lat' dir='ltr'><strong>habemus</strong></span> <span class='ocrx_word' id='word_1_84' title='bbox 1130 952 1259 1019; x_wconf 85' lang='lat' dir='ltr'><strong>apud</strong></span> 
     </span>
     <span class='ocr_line' id='line_1_14' title="bbox 278 1019 1263 1094; baseline 0.005 -26"><span class='ocrx_word' id='word_1_85' title='bbox 278 1020 567 1068; x_wconf 81' lang='lat' dir='ltr'><strong>Matthaeum</strong></span> <span class='ocrx_word' id='word_1_86' title='bbox 603 1039 703 1089; x_wconf 87' lang='lat' dir='ltr'><strong>cap.</strong></span> <span class='ocrx_word' id='word_1_87' title='bbox 733 1040 781 1084; x_wconf 86' lang='lat'><strong>4.</strong></span> <span class='ocrx_word' id='word_1_88' title='bbox 815 1037 860 1082; x_wconf 85' lang='grc' dir='ltr'><strong>ς.</strong></span> <span class='ocrx_word' id='word_1_89' title='bbox 890 1019 1013 1073; x_wconf 86' lang='lat' dir='ltr'><strong>Tunc</strong></span> <span class='ocrx_word' id='word_1_90' title='bbox 1045 1023 1263 1094; x_wconf 72' lang='lat' dir='ltr'><strong>fftmpstc</strong></span> 
     </span>
     <span class='ocr_line' id='line_1_15' title="bbox 277 1090 1263 1163; baseline 0.001 -22"><span class='ocrx_word' id='word_1_91' title='bbox 277 1109 370 1141; x_wconf 85' lang='lat' dir='ltr'><strong>eum</strong></span> <span class='ocrx_word' id='word_1_92' title='bbox 389 1090 607 1141; x_wconf 83' lang='lat' dir='ltr'><strong>Diabolus</strong></span> <span class='ocrx_word' id='word_1_93' title='bbox 623 1096 673 1141; x_wconf 82' lang='lat' dir='ltr'><strong>in</strong></span> <span class='ocrx_word' id='word_1_94' title='bbox 682 1092 886 1163; x_wconf 63' lang='lat' dir='ltr'><strong>sanfffam</strong></span> <span class='ocrx_word' id='word_1_95' title='bbox 904 1095 1157 1145; x_wconf 77' lang='lat' dir='ltr'><em>Civitatem</em></span> <span class='ocrx_word' id='word_1_96' title='bbox 1171 1130 1187 1151; x_wconf 93' lang='lat'>,</span> <span class='ocrx_word' id='word_1_97' title='bbox 1207 1097 1263 1157; x_wconf 56' lang='lat' dir='ltr'><strong>&amp;ff</strong></span> 
     </span>
     <span class='ocr_line' id='line_1_16' title="bbox 275 1161 1212 1231; baseline 0.001 -20"><span class='ocrx_word' id='word_1_98' title='bbox 275 1162 442 1212; x_wconf 59' lang='lat' dir='ltr'><strong>{latuit</strong></span> <span class='ocrx_word' id='word_1_99' title='bbox 461 1180 554 1210; x_wconf 85' lang='lat' dir='ltr'><strong>eum</strong></span> <span class='ocrx_word' id='word_1_100' title='bbox 569 1164 701 1230; x_wconf 81' lang='lat' dir='ltr'><strong>super</strong></span> <span class='ocrx_word' id='word_1_101' title='bbox 710 1165 993 1228; x_wconf 78' lang='lat' dir='ltr'><strong>pinnaculum</strong></span> <span class='ocrx_word' id='word_1_102' title='bbox 1009 1161 1184 1231; x_wconf 84' lang='lat' dir='ltr'><em>Templi</em></span> <span class='ocrx_word' id='word_1_103' title='bbox 1201 1202 1212 1212; x_wconf 86' lang='lat'><strong>.</strong></span> 
     </span>
    </p>

    <p class='ocr_par' dir='ltr' id='par_1_6' title="bbox 358 1232 1259 1287">
     <span class='ocr_line' id='line_1_17' title="bbox 358 1232 1259 1287; baseline 0.007 -8"><span class='ocrx_word' id='word_1_104' title='bbox 358 1232 416 1279; x_wconf 90' lang='lat' dir='ltr'><strong>K.</strong></span> <span class='ocrx_word' id='word_1_105' title='bbox 469 1235 528 1280; x_wconf 92' lang='lat' dir='ltr'><strong>In</strong></span> <span class='ocrx_word' id='word_1_106' title='bbox 546 1272 551 1277; x_wconf 92' lang='lat'>.</span> <span class='ocrx_word' id='word_1_107' title='bbox 567 1233 657 1281; x_wconf 81' lang='lat' dir='ltr'><strong>hoe</strong></span> <span class='ocrx_word' id='word_1_108' title='bbox 693 1235 885 1283; x_wconf 87' lang='lat' dir='ltr'><strong>decimo</strong></span> <span class='ocrx_word' id='word_1_109' title='bbox 929 1235 1259 1287; x_wconf 83' lang='lat' dir='ltr'><strong>loculamento</strong></span> 
     </span>
    </p>

    <p class='ocr_par' dir='ltr' id='par_1_7' title="bbox 257 1300 1265 2136">
     <span class='ocr_line' id='line_1_18' title="bbox 277 1300 1260 1374; baseline 0.007 -26"><span class='ocrx_word' id='word_1_110' title='bbox 277 1300 662 1371; x_wconf 82' lang='lat' dir='ltr'><strong>Transfiguratio</strong></span> <span class='ocrx_word' id='word_1_111' title='bbox 708 1307 910 1354; x_wconf 80' lang='lat' dir='ltr'>Domini</span> <span class='ocrx_word' id='word_1_112' title='bbox 956 1306 1260 1374; x_wconf 60' lang='lat' dir='ltr'><strong>repraesenta-</strong></span> 
     </span>
     <span class='ocr_line' id='line_1_19' title="bbox 274 1371 1261 1447; baseline 0.005 -27"><span class='ocrx_word' id='word_1_113' title='bbox 274 1383 384 1429; x_wconf 72' lang='lat' dir='ltr'><strong>tur,</strong></span> <span class='ocrx_word' id='word_1_114' title='bbox 413 1383 467 1420; x_wconf 87' lang='lat' dir='ltr'><strong>ut</strong></span> <span class='ocrx_word' id='word_1_115' title='bbox 488 1371 584 1442; x_wconf 85' lang='lat' dir='ltr'><strong>ipsa</strong></span> <span class='ocrx_word' id='word_1_116' title='bbox 620 1374 732 1424; x_wconf 59' lang='lat' dir='ltr'><strong>licet</strong></span> <span class='ocrx_word' id='word_1_117' title='bbox 750 1375 881 1426; x_wconf 86' lang='lat' dir='ltr'><strong>rudis</strong></span> <span class='ocrx_word' id='word_1_118' title='bbox 911 1377 1160 1447; x_wconf 81' lang='lat' dir='ltr'>inscriptio</span> <span class='ocrx_word' id='word_1_119' title='bbox 1191 1376 1261 1427; x_wconf 88' lang='lat' dir='ltr'><strong>sat</strong></span> 
     </span>
     <span class='ocr_line' id='line_1_20' title="bbox 274 1440 1261 1519; baseline 0.008 -30"><span class='ocrx_word' id='word_1_120' title='bbox 274 1440 457 1490; x_wconf 80' lang='lat' dir='ltr'><strong>indicat</strong></span> <span class='ocrx_word' id='word_1_121' title='bbox 475 1480 486 1490; x_wconf 93' lang='lat'><strong>.</strong></span> <span class='ocrx_word' id='word_1_122' title='bbox 521 1444 822 1511; x_wconf 86' lang='lat' dir='ltr'><strong>Mysterium</strong></span> <span class='ocrx_word' id='word_1_123' title='bbox 846 1449 934 1497; x_wconf 90' lang='lat' dir='ltr'><strong>hoc</strong></span> <span class='ocrx_word' id='word_1_124' title='bbox 957 1448 1261 1519; x_wconf 83' lang='lat' dir='ltr'><strong>Evangelista</strong></span> 
     </span>
     <span class='ocr_line' id='line_1_21' title="bbox 273 1514 1261 1590; baseline 0.009 -29"><span class='ocrx_word' id='word_1_125' title='bbox 273 1514 534 1564; x_wconf 71' lang='lat' dir='ltr'><strong>Matthaeus</strong></span> <span class='ocrx_word' id='word_1_126' title='bbox 552 1534 656 1584; x_wconf 84' lang='lat' dir='ltr'><strong>cap.</strong></span> <span class='ocrx_word' id='word_1_127' title='bbox 684 1537 761 1578; x_wconf 88' lang='lat'><strong>17.</strong></span> <span class='ocrx_word' id='word_1_128' title='bbox 784 1538 824 1567; x_wconf 87' lang='lat'><strong>1.</strong></span> <span class='ocrx_word' id='word_1_129' title='bbox 844 1520 896 1570; x_wconf 74' lang='grc' dir='ltr'><strong>δε</strong></span> <span class='ocrx_word' id='word_1_130' title='bbox 914 1518 1037 1587; x_wconf 84' lang='lat' dir='ltr'>seqq.</span> <span class='ocrx_word' id='word_1_131' title='bbox 1068 1519 1132 1569; x_wconf 83' lang='lat' dir='ltr'><strong>fic</strong></span> <span class='ocrx_word' id='word_1_132' title='bbox 1150 1538 1261 1590; x_wconf 88' lang='lat' dir='ltr'><strong>pro-</strong></span> 
     </span>
     <span class='ocr_line' id='line_1_22' title="bbox 271 1579 1260 1660; baseline 0.012 -30"><span class='ocrx_word' id='word_1_133' title='bbox 271 1579 486 1649; x_wconf 84' lang='lat' dir='ltr'><strong>sequitur</strong></span> <span class='ocrx_word' id='word_1_134' title='bbox 506 1607 517 1634; x_wconf 85' lang='lat'>:</span> <span class='ocrx_word' id='word_1_135' title='bbox 555 1586 615 1636; x_wconf 77' lang='lat' dir='ltr'><strong>Et</strong></span> <span class='ocrx_word' id='word_1_136' title='bbox 634 1591 741 1654; x_wconf 74' lang='lat' dir='ltr'><strong>poft&#39;</strong></span> <span class='ocrx_word' id='word_1_137' title='bbox 765 1590 859 1639; x_wconf 81' lang='lat' dir='ltr'><strong>dies</strong></span> <span class='ocrx_word' id='word_1_138' title='bbox 864 1593 953 1660; x_wconf 69' lang='grc' dir='ltr'><strong>[ἐκ</strong></span> <span class='ocrx_word' id='word_1_139' title='bbox 972 1591 1145 1660; x_wconf 70' lang='lat' dir='ltr'><strong>cfftmit</strong></span> <span class='ocrx_word' id='word_1_140' title='bbox 1163 1593 1260 1660; x_wconf 70' lang='lat' dir='ltr'><strong>‘Je-</strong></span> 
     </span>
     <span class='ocr_line' id='line_1_23' title="bbox 257 1654 1263 1731; baseline 0.011 -30"><span class='ocrx_word' id='word_1_141' title='bbox 257 1654 342 1723; x_wconf 77' lang='lat' dir='ltr'><strong>fits</strong></span> <span class='ocrx_word' id='word_1_142' title='bbox 356 1655 538 1703; x_wconf 78' lang='lat' dir='ltr'><strong>Petrum</strong></span> <span class='ocrx_word' id='word_1_143' title='bbox 552 1691 568 1712; x_wconf 85' lang='lat'><strong>,</strong></span> <span class='ocrx_word' id='word_1_144' title='bbox 596 1661 653 1707; x_wconf 69' lang='grc'><strong>(3*</strong></span> <span class='ocrx_word' id='word_1_145' title='bbox 671 1658 894 1726; x_wconf 56' lang='lat' dir='ltr'><strong>Jacobum</strong></span> <span class='ocrx_word' id='word_1_146' title='bbox 906 1697 921 1718; x_wconf 91' lang='lat'><strong>,</strong></span> <span class='ocrx_word' id='word_1_147' title='bbox 958 1666 1013 1710; x_wconf 62' lang='lat' dir='ltr'><strong>&lt;J</strong></span> <span class='ocrx_word' id='word_1_148' title='bbox 1032 1664 1263 1731; x_wconf 70' lang='lat' dir='ltr'><strong>‘Joannem</strong></span> 
     </span>
     <span class='ocr_line' id='line_1_24' title="bbox 270 1722 1264 1785; baseline 0.008 -16"><span class='ocrx_word' id='word_1_149' title='bbox 270 1722 469 1774; x_wconf 73' lang='lat' dir='ltr'><strong>Fratrem</strong></span> <span class='ocrx_word' id='word_1_150' title='bbox 493 1729 614 1785; x_wconf 69' lang='lat' dir='ltr'><strong>ejus,</strong></span> <span class='ocrx_word' id='word_1_151' title='bbox 650 1731 707 1774; x_wconf 53' lang='grc' dir='ltr'><strong>ἔφ’</strong></span> <span class='ocrx_word' id='word_1_152' title='bbox 735 1732 858 1771; x_wconf 70' lang='lat' dir='ltr'><strong>flur-ir</strong></span> <span class='ocrx_word' id='word_1_153' title='bbox 882 1733 979 1772; x_wconf 74' lang='lat' dir='ltr'><strong>illm·</strong></span> <span class='ocrx_word' id='word_1_154' title='bbox 1014 1736 1059 1770; x_wconf 77' lang='lat' dir='ltr'><strong>r&#39;n</strong></span> <span class='ocrx_word' id='word_1_155' title='bbox 1081 1750 1264 1778; x_wconf 78' lang='lat' dir='ltr'><strong>mantem</strong></span> 
     </span>
     <span class='ocr_line' id='line_1_25' title="bbox 266 1788 1265 1860; baseline 0.009 -20"><span class='ocrx_word' id='word_1_156' title='bbox 266 1793 481 1860; x_wconf 80' lang='lat' dir='ltr'><strong>excelsum</strong></span> <span class='ocrx_word' id='word_1_157' title='bbox 487 1788 707 1856; x_wconf 78' lang='lat' dir='ltr'><strong>fi’orfitm:</strong></span> <span class='ocrx_word' id='word_1_158' title='bbox 745 1790 802 1837; x_wconf 70' lang='grc'><strong>(9*</strong></span> <span class='ocrx_word' id='word_1_159' title='bbox 825 1791 1164 1857; x_wconf 75' lang='lat' dir='ltr'><strong>transfiguratus</strong></span> <span class='ocrx_word' id='word_1_160' title='bbox 1195 1800 1265 1849; x_wconf 61' lang='lat' dir='ltr'><strong>eff</strong></span> 
     </span>
     <span class='ocr_line' id='line_1_26' title="bbox 271 1858 1263 1927; baseline -0.001 -17"><span class='ocrx_word' id='word_1_161' title='bbox 271 1875 372 1910; x_wconf 71' lang='lat' dir='ltr'><strong>unte</strong></span> <span class='ocrx_word' id='word_1_162' title='bbox 389 1880 454 1911; x_wconf 87' lang='lat' dir='ltr'><strong>eos</strong></span> <span class='ocrx_word' id='word_1_163' title='bbox 468 1895 485 1916; x_wconf 92' lang='lat'><strong>,</strong></span> <span class='ocrx_word' id='word_1_164' title='bbox 521 1861 578 1907; x_wconf 72' lang='grc'><strong>(3*</strong></span> <span class='ocrx_word' id='word_1_165' title='bbox 605 1858 874 1924; x_wconf 77' lang='lat' dir='ltr'><strong>resplenduit</strong></span> <span class='ocrx_word' id='word_1_166' title='bbox 875 1858 1022 1925; x_wconf 75' lang='lat' dir='ltr'><strong>fhcies</strong></span> <span class='ocrx_word' id='word_1_167' title='bbox 1035 1870 1129 1923; x_wconf 67' lang='lat' dir='ltr'><strong>ejus-</strong></span> <span class='ocrx_word' id='word_1_168' title='bbox 1143 1867 1263 1927; x_wconf 70' lang='lat' dir='ltr'><strong>stem</strong></span> 
     </span>
     <span class='ocr_line' id='line_1_27' title="bbox 270 1925 1263 1996; baseline -0.004 -14"><span class='ocrx_word' id='word_1_169' title='bbox 270 1931 377 1982; x_wconf 80' lang='lat' dir='ltr'><strong>Sol:</strong></span> <span class='ocrx_word' id='word_1_170' title='bbox 415 1929 694 1980; x_wconf 57' lang='lat' dir='ltr'><strong>vestimentu</strong></span> <span class='ocrx_word' id='word_1_171' title='bbox 721 1942 862 1976; x_wconf 77' lang='lat' dir='ltr'><strong>autem</strong></span> <span class='ocrx_word' id='word_1_172' title='bbox 892 1933 983 1992; x_wconf 74' lang='lat' dir='ltr'><strong>ejus</strong></span> <span class='ocrx_word' id='word_1_173' title='bbox 1001 1925 1133 1994; x_wconf 62' lang='lat' dir='ltr'><em>falla</em></span> <span class='ocrx_word' id='word_1_174' title='bbox 1151 1931 1263 1996; x_wconf 77' lang='lat' dir='ltr'><strong>func</strong></span> 
     </span>
     <span class='ocr_line' id='line_1_28' title="bbox 273 1995 1263 2066; baseline -0.003 -16"><span class='ocrx_word' id='word_1_175' title='bbox 273 2000 374 2051; x_wconf 81' lang='lat' dir='ltr'><strong>alba</strong></span> <span class='ocrx_word' id='word_1_176' title='bbox 391 1996 509 2066; x_wconf 77' lang='lat' dir='ltr'><strong>ficut</strong></span> <span class='ocrx_word' id='word_1_177' title='bbox 533 2002 616 2046; x_wconf 80' lang='lat' dir='ltr'><strong>nix</strong></span> <span class='ocrx_word' id='word_1_178' title='bbox 631 2032 641 2042; x_wconf 92' lang='lat'><strong><em>.</em></strong></span> <span class='ocrx_word' id='word_1_179' title='bbox 682 1995 744 2046; x_wconf 82' lang='lat' dir='ltr'><strong>Et</strong></span> <span class='ocrx_word' id='word_1_180' title='bbox 758 2016 845 2046; x_wconf 85' lang='lat' dir='ltr'><strong>ecce</strong></span> <span class='ocrx_word' id='word_1_181' title='bbox 861 2012 1147 2064; x_wconf 77' lang='lat' dir='ltr'><strong>apparuerunt</strong></span> <span class='ocrx_word' id='word_1_182' title='bbox 1166 2001 1263 2050; x_wconf 83' lang='lat' dir='ltr'><strong>illis</strong></span> 
     </span>
     <span class='ocr_line' id='line_1_29' title="bbox 276 2065 1151 2136; baseline 0.002 -21"><span class='ocrx_word' id='word_1_183' title='bbox 276 2068 460 2136; x_wconf 76' lang='lat' dir='ltr'><em>Moyfi’s</em></span> <span class='ocrx_word' id='word_1_184' title='bbox 473 2101 489 2124; x_wconf 87' lang='lat'><strong>,</strong></span> <span class='ocrx_word' id='word_1_185' title='bbox 513 2070 569 2117; x_wconf 76' lang='lat'><em>&amp;</em></span> <span class='ocrx_word' id='word_1_186' title='bbox 587 2065 713 2117; x_wconf 82' lang='lat' dir='ltr'><strong>Elias</strong></span> <span class='ocrx_word' id='word_1_187' title='bbox 733 2086 825 2117; x_wconf 90' lang='lat' dir='ltr'><strong>cum</strong></span> <span class='ocrx_word' id='word_1_188' title='bbox 843 2089 885 2117; x_wconf 82' lang='lat' dir='ltr'><strong>eo</strong></span> <span class='ocrx_word' id='word_1_189' title='bbox 902 2071 1119 2136; x_wconf 81' lang='lat' dir='ltr'><strong>loquentes</strong></span> <span class='ocrx_word' id='word_1_190' title='bbox 1141 2108 1151 2117; x_wconf 91' lang='lat'><strong>.</strong></span> 
     </span>
    </p>

    <p class='ocr_par' dir='ltr' id='par_1_8' title="bbox 278 2137 1266 3193">
     <span class='ocr_line' id='line_1_30' title="bbox 354 2137 1265 2189; baseline 0.003 -3"><span class='ocrx_word' id='word_1_191' title='bbox 354 2139 415 2186; x_wconf 88' lang='lat' dir='ltr'><strong>·L.</strong></span> <span class='ocrx_word' id='word_1_192' title='bbox 471 2137 706 2186; x_wconf 80' lang='lat' dir='ltr'><strong>Lazarum</strong></span> <span class='ocrx_word' id='word_1_193' title='bbox 737 2140 762 2187; x_wconf 70' lang='lat' dir='ltr'><strong>a</strong></span> <span class='ocrx_word' id='word_1_194' title='bbox 797 2139 988 2188; x_wconf 87' lang='lat' dir='ltr'><strong>Christo</strong></span> <span class='ocrx_word' id='word_1_195' title='bbox 1016 2138 1265 2189; x_wconf 89' lang='lat' dir='ltr'><strong>resuscita-</strong></span> 
     </span>
     <span class='ocr_line' id='line_1_31' title="bbox 279 2206 1263 2277; baseline 0.002 -20"><span class='ocrx_word' id='word_1_196' title='bbox 279 2223 387 2257; x_wconf 88' lang='lat' dir='ltr'><strong>tum</strong></span> <span class='ocrx_word' id='word_1_197' title='bbox 416 2206 492 2255; x_wconf 78' lang='lat' dir='ltr'><strong>hic</strong></span> <span class='ocrx_word' id='word_1_198' title='bbox 509 2206 653 2255; x_wconf 83' lang='lat' dir='ltr'><strong>habes</strong></span> <span class='ocrx_word' id='word_1_199' title='bbox 671 2244 688 2266; x_wconf 87' lang='lat'>,</span> <span class='ocrx_word' id='word_1_200' title='bbox 724 2208 855 2274; x_wconf 89' lang='lat' dir='ltr'><strong>quod</strong></span> <span class='ocrx_word' id='word_1_201' title='bbox 875 2210 1075 2277; x_wconf 87' lang='lat' dir='ltr'><strong>quidem</strong></span> <span class='ocrx_word' id='word_1_202' title='bbox 1099 2230 1159 2261; x_wconf 83' lang='lat' dir='ltr'><strong>ex</strong></span> <span class='ocrx_word' id='word_1_203' title='bbox 1185 2213 1263 2261; x_wconf 87' lang='lat' dir='ltr'><strong>Fi-</strong></span> 
     </span>
     <span class='ocr_line' id='line_1_32' title="bbox 278 2276 1265 2351; baseline 0.002 -24"><span class='ocrx_word' id='word_1_204' title='bbox 278 2295 508 2349; x_wconf 80' lang='lat' dir='ltr'><strong>gurarum</strong></span> <span class='ocrx_word' id='word_1_205' title='bbox 542 2276 832 2328; x_wconf 81' lang='lat' dir='ltr'><strong>obscuritate</strong></span> <span class='ocrx_word' id='word_1_206' title='bbox 860 2316 876 2337; x_wconf 90' lang='lat'><strong>,</strong></span> <span class='ocrx_word' id='word_1_207' title='bbox 914 2278 1002 2329; x_wconf 85' lang='lat' dir='ltr'><strong>nifi</strong></span> <span class='ocrx_word' id='word_1_208' title='bbox 1033 2280 1131 2350; x_wconf 88' lang='lat' dir='ltr'><strong>ipsa</strong></span> <span class='ocrx_word' id='word_1_209' title='bbox 1163 2283 1265 2351; x_wconf 85' lang='lat' dir='ltr'><strong>epi-</strong></span> 
     </span>
     <span class='ocr_line' id='line_1_33' title="bbox 278 2345 1265 2420; baseline 0.005 -24"><span class='ocrx_word' id='word_1_210' title='bbox 278 2348 457 2418; x_wconf 78' lang='lat' dir='ltr'><strong>graphe</strong></span> <span class='ocrx_word' id='word_1_211' title='bbox 483 2345 747 2408; x_wconf 78' lang='lat' dir='ltr'><strong>docuisset,</strong></span> <span class='ocrx_word' id='word_1_212' title='bbox 786 2352 1114 2420; x_wconf 79' lang='lat' dir='ltr'><strong>ignoraremus</strong></span> <span class='ocrx_word' id='word_1_213' title='bbox 1133 2391 1143 2400; x_wconf 92' lang='lat'>.</span> <span class='ocrx_word' id='word_1_214' title='bbox 1187 2354 1265 2402; x_wconf 88' lang='lat' dir='ltr'><strong>Bis</strong></span> 
     </span>
     <span class='ocr_line' id='line_1_34' title="bbox 281 2418 1263 2491; baseline 0.005 -23"><span class='ocrx_word' id='word_1_215' title='bbox 281 2420 348 2468; x_wconf 80' lang='lat' dir='ltr'><strong>ibi</strong></span> <span class='ocrx_word' id='word_1_216' title='bbox 365 2420 567 2468; x_wconf 79' lang='lat' dir='ltr'><strong>Lazarus</strong></span> <span class='ocrx_word' id='word_1_217' title='bbox 581 2418 958 2488; x_wconf 69' lang='lat' dir='ltr'><strong>repraesentatur:</strong></span> <span class='ocrx_word' id='word_1_218' title='bbox 974 2425 1133 2491; x_wconf 76' lang='lat' dir='ltr'><strong>primo</strong></span> <span class='ocrx_word' id='word_1_219' title='bbox 1150 2422 1263 2473; x_wconf 66' lang='lat' dir='ltr'><strong>cum</strong></span> 
     </span>
     <span class='ocr_line' id='line_1_35' title="bbox 283 2489 1260 2559; baseline 0.006 -21"><span class='ocrx_word' id='word_1_220' title='bbox 283 2494 333 2538; x_wconf 80' lang='lat' dir='ltr'><strong>in</strong></span> <span class='ocrx_word' id='word_1_221' title='bbox 351 2489 601 2558; x_wconf 86' lang='lat' dir='ltr'><strong>sepulchro</strong></span> <span class='ocrx_word' id='word_1_222' title='bbox 618 2489 805 2554; x_wconf 86' lang='lat' dir='ltr'><strong>jacebat</strong></span> <span class='ocrx_word' id='word_1_223' title='bbox 818 2529 833 2550; x_wconf 83' lang='lat'><strong>,</strong></span> <span class='ocrx_word' id='word_1_224' title='bbox 853 2494 982 2559; x_wconf 87' lang='lat' dir='ltr'><strong>quod</strong></span> <span class='ocrx_word' id='word_1_225' title='bbox 1003 2496 1127 2544; x_wconf 90' lang='lat' dir='ltr'><strong>inter</strong></span> <span class='ocrx_word' id='word_1_226' title='bbox 1146 2496 1260 2544; x_wconf 89' lang='lat' dir='ltr'><strong>duas</strong></span> 
     </span>
     <span class='ocr_line' id='line_1_36' title="bbox 284 2557 1265 2632; baseline 0.005 -23"><span class='ocrx_word' id='word_1_227' title='bbox 284 2562 529 2610; x_wconf 76' lang='lat' dir='ltr'><strong>columnas</strong></span> <span class='ocrx_word' id='word_1_228' title='bbox 547 2557 690 2608; x_wconf 86' lang='lat' dir='ltr'><strong>fitum</strong></span> <span class='ocrx_word' id='word_1_229' title='bbox 717 2561 808 2619; x_wconf 89' lang='lat' dir='ltr'><strong>est,</strong></span> <span class='ocrx_word' id='word_1_230' title='bbox 846 2563 1002 2629; x_wconf 84' lang='lat' dir='ltr'><strong>lapide</strong></span> <span class='ocrx_word' id='word_1_231' title='bbox 1030 2567 1111 2632; x_wconf 86' lang='lat' dir='ltr'><strong>qui</strong></span> <span class='ocrx_word' id='word_1_232' title='bbox 1134 2584 1182 2614; x_wconf 85' lang='lat' dir='ltr'><strong>os</strong></span> <span class='ocrx_word' id='word_1_233' title='bbox 1200 2566 1265 2615; x_wconf 85' lang='lat' dir='ltr'><strong>se-</strong></span> 
     </span>
     <span class='ocr_line' id='line_1_37' title="bbox 285 2629 1266 2699; baseline 0.007 -21"><span class='ocrx_word' id='word_1_234' title='bbox 285 2632 470 2698; x_wconf 86' lang='lat' dir='ltr'><strong>pulchri</strong></span> <span class='ocrx_word' id='word_1_235' title='bbox 489 2629 777 2680; x_wconf 80' lang='lat' dir='ltr'><strong>occludebat</strong></span> <span class='ocrx_word' id='word_1_236' title='bbox 797 2668 812 2689; x_wconf 91' lang='lat'><strong>,</strong></span> <span class='ocrx_word' id='word_1_237' title='bbox 838 2634 1191 2699; x_wconf 66' lang='lat' dir='ltr'><strong>aliquantulum</strong></span> <span class='ocrx_word' id='word_1_238' title='bbox 1209 2635 1266 2685; x_wconf 91' lang='lat' dir='ltr'><strong>ab</strong></span> 
     </span>
     <span class='ocr_line' id='line_1_38' title="bbox 284 2700 1264 2755; baseline 0.005 -6"><span class='ocrx_word' id='word_1_239' title='bbox 284 2701 457 2749; x_wconf 87' lang='lat' dir='ltr'><strong>eodem</strong></span> <span class='ocrx_word' id='word_1_240' title='bbox 478 2714 662 2750; x_wconf 82' lang='lat' dir='ltr'><strong>amoto:</strong></span> <span class='ocrx_word' id='word_1_241' title='bbox 681 2700 888 2750; x_wconf 76' lang='lat' dir='ltr'><strong>secundo</strong></span> <span class='ocrx_word' id='word_1_242' title='bbox 905 2701 1053 2754; x_wconf 67' lang='lat' dir='ltr'><strong>cume</strong></span> <span class='ocrx_word' id='word_1_243' title='bbox 1073 2708 1264 2755; x_wconf 87' lang='lat' dir='ltr'><strong>tumulo</strong></span> 
     </span>
     <span class='ocr_line' id='line_1_39' title="bbox 285 2768 1262 2840; baseline 0.005 -20"><span class='ocrx_word' id='word_1_244' title='bbox 285 2768 485 2840; x_wconf 74' lang='lat' dir='ltr'><strong>egressus</strong></span> <span class='ocrx_word' id='word_1_245' title='bbox 504 2806 520 2828; x_wconf 87' lang='lat'>‚</span> <span class='ocrx_word' id='word_1_246' title='bbox 553 2771 610 2819; x_wconf 92' lang='lat' dir='ltr'><strong>ad</strong></span> <span class='ocrx_word' id='word_1_247' title='bbox 632 2771 776 2838; x_wconf 89' lang='lat' dir='ltr'><strong>pedes</strong></span> <span class='ocrx_word' id='word_1_248' title='bbox 796 2776 996 2821; x_wconf 84' lang='lat' dir='ltr'><strong>Domini</strong></span> <span class='ocrx_word' id='word_1_249' title='bbox 1030 2793 1143 2824; x_wconf 91' lang='lat' dir='ltr'><strong>eum</strong></span> <span class='ocrx_word' id='word_1_250' title='bbox 1174 2795 1262 2825; x_wconf 61' lang='lat' dir='ltr'><strong>voe-</strong></span> 
     </span>
     <span class='ocr_line' id='line_1_40' title="bbox 286 2842 1262 2914; baseline 0.007 -25"><span class='ocrx_word' id='word_1_251' title='bbox 286 2842 434 2889; x_wconf 82' lang='lat' dir='ltr'><strong>cantis</strong></span> <span class='ocrx_word' id='word_1_252' title='bbox 453 2843 657 2888; x_wconf 85' lang='lat' dir='ltr'><strong>accurrit</strong></span> <span class='ocrx_word' id='word_1_253' title='bbox 673 2877 686 2889; x_wconf 89' lang='lat'><strong>.</strong></span> <span class='ocrx_word' id='word_1_254' title='bbox 715 2846 865 2911; x_wconf 86' lang='lat' dir='ltr'><strong>Supra</strong></span> <span class='ocrx_word' id='word_1_255' title='bbox 881 2846 1128 2895; x_wconf 89' lang='lat' dir='ltr'><strong>columnas</strong></span> <span class='ocrx_word' id='word_1_256' title='bbox 1145 2848 1262 2914; x_wconf 90' lang='lat' dir='ltr'><strong>quid</strong></span> 
     </span>
     <span class='ocr_line' id='line_1_41' title="bbox 285 2911 1262 2974; baseline 0.009 -15"><span class='ocrx_word' id='word_1_257' title='bbox 285 2911 441 2960; x_wconf 78' lang='lat' dir='ltr'><strong>veluti</strong></span> <span class='ocrx_word' id='word_1_258' title='bbox 476 2913 776 2960; x_wconf 83' lang='lat' dir='ltr'><strong>moenianum</strong></span> <span class='ocrx_word' id='word_1_259' title='bbox 803 2916 1071 2974; x_wconf 82' lang='lat' dir='ltr'><strong>attollitur,</strong></span> <span class='ocrx_word' id='word_1_260' title='bbox 1105 2918 1262 2968; x_wconf 70' lang='lat' dir='ltr'><strong>unde&gt;</strong></span> 
     </span>
     <span class='ocr_line' id='line_1_42' title="bbox 285 2981 1262 3037; baseline 0.006 -8"><span class='ocrx_word' id='word_1_261' title='bbox 285 2995 379 3030; x_wconf 86' lang='lat' dir='ltr'><strong>tres</strong></span> <span class='ocrx_word' id='word_1_262' title='bbox 396 2981 491 3029; x_wconf 89' lang='lat' dir='ltr'><strong>viri</strong></span> <span class='ocrx_word' id='word_1_263' title='bbox 512 2983 803 3031; x_wconf 84' lang='lat' dir='ltr'><strong>miraculum</strong></span> <span class='ocrx_word' id='word_1_264' title='bbox 823 2985 1123 3036; x_wconf 86' lang='lat' dir='ltr'><strong>admirantur</strong></span> <span class='ocrx_word' id='word_1_265' title='bbox 1137 3025 1147 3034; x_wconf 92' lang='lat'><strong>.</strong></span> <span class='ocrx_word' id='word_1_266' title='bbox 1183 2992 1262 3037; x_wconf 72' lang='lat' dir='ltr'><strong>In-</strong></span> 
     </span>
     <span class='ocr_line' id='line_1_43' title="bbox 286 3048 1259 3119; baseline 0.006 -20"><span class='ocrx_word' id='word_1_267' title='bbox 286 3048 480 3119; x_wconf 77' lang='lat' dir='ltr'><strong>scriptio</strong></span> <span class='ocrx_word' id='word_1_268' title='bbox 510 3065 673 3100; x_wconf 88' lang='lat' dir='ltr'><strong>autem</strong></span> <span class='ocrx_word' id='word_1_269' title='bbox 706 3053 796 3102; x_wconf 87' lang='lat' dir='ltr'><strong>est:</strong></span> <span class='ocrx_word' id='word_1_270' title='bbox 828 3057 924 3102; x_wconf 87' lang='lat' dir='ltr'><strong>DE</strong></span> <span class='ocrx_word' id='word_1_271' title='bbox 958 3058 995 3104; x_wconf 95' lang='lat' dir='ltr'><strong>L</strong></span> <span class='ocrx_word' id='word_1_272' title='bbox 1013 3061 1259 3108; x_wconf 90' lang='lat' dir='ltr'>AZAR.</span> 
     </span>
     <span class='ocr_line' id='line_1_44' title="bbox 285 3120 1036 3193; baseline 0.007 -22"><span class='ocrx_word' id='word_1_273' title='bbox 285 3120 430 3172; x_wconf 70' lang='lat' dir='ltr'><strong>idestz</strong></span> <span class='ocrx_word' id='word_1_274' title='bbox 468 3124 538 3173; x_wconf 83' lang='lat' dir='ltr'><strong>De</strong></span> <span class='ocrx_word' id='word_1_275' title='bbox 566 3122 733 3182; x_wconf 62' lang='lat' dir='ltr'><strong>Lazaro</strong></span> <span class='ocrx_word' id='word_1_276' title='bbox 759 3127 1005 3193; x_wconf 72' lang='lat' dir='ltr'><strong>resitstitato</strong></span> <span class='ocrx_word' id='word_1_277' title='bbox 1025 3166 1036 3176; x_wconf 90' lang='lat'><strong>.</strong></span> 
     </span>
    </p>

    <p class='ocr_par' dir='ltr' id='par_1_9' title="bbox 289 3194 1260 3339">
     <span class='ocr_line' id='line_1_45' title="bbox 357 3194 1260 3267; baseline 0.009 -26"><span class='ocrx_word' id='word_1_278' title='bbox 357 3196 429 3241; x_wconf 90' lang='grc' dir='ltr'><strong>Μ.</strong></span> <span class='ocrx_word' id='word_1_279' title='bbox 458 3194 733 3242; x_wconf 86' lang='lat' dir='ltr'><strong>Palmarum</strong></span> <span class='ocrx_word' id='word_1_280' title='bbox 750 3195 938 3245; x_wconf 80' lang='lat' dir='ltr'><strong>Festum</strong></span> <span class='ocrx_word' id='word_1_281' title='bbox 959 3198 1034 3245; x_wconf 82' lang='lat' dir='ltr'><strong>hic</strong></span> <span class='ocrx_word' id='word_1_282' title='bbox 1053 3198 1260 3267; x_wconf 77' lang='lat' dir='ltr'><strong>designa-</strong></span> 
     </span>
     <span class='ocr_line' id='line_1_46' title="bbox 289 3263 1260 3339; baseline 0.004 -27"><span class='ocrx_word' id='word_1_283' title='bbox 289 3275 390 3319; x_wconf 71' lang='lat' dir='ltr'><strong>tur,</strong></span> <span class='ocrx_word' id='word_1_284' title='bbox 405 3263 533 3330; x_wconf 83' lang='lat' dir='ltr'><strong>quod</strong></span> <span class='ocrx_word' id='word_1_285' title='bbox 554 3266 854 3333; x_wconf 77' lang='lat' dir='ltr'><strong>Evangelista</strong></span> <span class='ocrx_word' id='word_1_286' title='bbox 875 3269 1051 3318; x_wconf 79' lang='lat' dir='ltr'><strong>Matth.</strong></span> <span class='ocrx_word' id='word_1_287' title='bbox 1070 3288 1204 3339; x_wconf 57' lang='lat' dir='ltr'><strong>capsa</strong></span> <span class='ocrx_word' id='word_1_288' title='bbox 1220 3292 1237 3321; x_wconf 86' lang='lat'>1</span> <span class='ocrx_word' id='word_1_289' title='bbox 1251 3306 1260 3316; x_wconf 89' lang='lat'><strong>.</strong></span> 
     </span>
    </p>
   </div>
   <div class='ocr_carea' id='block_1_6' title="bbox 1312 589 2312 1797">
    <p class='ocr_par' dir='ltr' id='par_1_10' title="bbox 1312 589 2305 1094">
     <span class='ocr_line' id='line_1_47' title="bbox 1315 589 2297 673; baseline 0.012 -26"><span class='ocrx_word' id='word_1_290' title='bbox 1315 619 1407 648; x_wconf 85' lang='lat' dir='ltr'><strong>eum</strong></span> <span class='ocrx_word' id='word_1_291' title='bbox 1436 600 1976 673; x_wconf 69' lang='lat' dir='ltr'><strong>dc’fitperftdereficerunt</strong></span> <span class='ocrx_word' id='word_1_292' title='bbox 1997 644 2006 653; x_wconf 89' lang='lat'><em>.</em></span> <span class='ocrx_word' id='word_1_293' title='bbox 2046 589 2297 659; x_wconf 59' lang='lat' dir='ltr'><strong>Plurima-,i</strong></span> 
     </span>
     <span class='ocr_line' id='line_1_48' title="bbox 1315 673 2301 746; baseline 0.009 -29"><span class='ocrx_word' id='word_1_294' title='bbox 1315 687 1453 719; x_wconf 77' lang='lat' dir='ltr'><strong>autem</strong></span> <span class='ocrx_word' id='word_1_295' title='bbox 1479 673 1604 720; x_wconf 77' lang='lat' dir='ltr'><strong>turbu</strong></span> <span class='ocrx_word' id='word_1_296' title='bbox 1636 676 1900 725; x_wconf 55' lang='lat' dir='ltr'><strong>straverunt</strong></span> <span class='ocrx_word' id='word_1_297' title='bbox 1925 679 2200 727; x_wconf 59' lang='lat' dir='ltr'><strong>‘vestimentu</strong></span> <span class='ocrx_word' id='word_1_298' title='bbox 2216 680 2301 746; x_wconf 79' lang='lat' dir='ltr'><strong>suu</strong></span> 
     </span>
     <span class='ocr_line' id='line_1_49' title="bbox 1314 745 2300 801; baseline 0.007 -10"><span class='ocrx_word' id='word_1_299' title='bbox 1314 747 1362 791; x_wconf 75' lang='lat' dir='ltr'><strong>in</strong></span> <span class='ocrx_word' id='word_1_300' title='bbox 1392 745 1512 801; x_wconf 73' lang='lat' dir='ltr'><strong>vic13</strong></span> <span class='ocrx_word' id='word_1_301' title='bbox 1549 746 1631 793; x_wconf 84' lang='lat' dir='ltr'><strong>alii</strong></span> <span class='ocrx_word' id='word_1_302' title='bbox 1663 763 1803 794; x_wconf 76' lang='lat' dir='ltr'><strong>autem</strong></span> <span class='ocrx_word' id='word_1_303' title='bbox 1833 746 2046 795; x_wconf 70' lang='lat' dir='ltr'><strong>caedebanc</strong></span> <span class='ocrx_word' id='word_1_304' title='bbox 2077 766 2217 798; x_wconf 81' lang='lat' dir='ltr'><strong>ramos</strong></span> <span class='ocrx_word' id='word_1_305' title='bbox 2246 749 2300 798; x_wconf 79' lang='lat' dir='ltr'><strong>de</strong></span> 
     </span>
     <span class='ocr_line' id='line_1_50' title="bbox 1314 810 2301 870; baseline 0.011 -13"><span class='ocrx_word' id='word_1_306' title='bbox 1314 810 1532 861; x_wconf 76' lang='lat' dir='ltr'><strong>arboribus</strong></span> <span class='ocrx_word' id='word_1_307' title='bbox 1550 850 1565 870; x_wconf 90' lang='lat'>‚</span> <span class='ocrx_word' id='word_1_308' title='bbox 1602 824 1657 864; x_wconf 71' lang='grc'><strong>(3·</strong></span> <span class='ocrx_word' id='word_1_309' title='bbox 1675 816 1929 866; x_wconf 56' lang='lat' dir='ltr'><strong>sternebant</strong></span> <span class='ocrx_word' id='word_1_310' title='bbox 1954 823 2002 866; x_wconf 86' lang='lat' dir='ltr'><strong>in</strong></span> <span class='ocrx_word' id='word_1_311' title='bbox 2030 822 2117 866; x_wconf 76' lang='lat' dir='ltr'><strong>via</strong></span> <span class='ocrx_word' id='word_1_312' title='bbox 2133 854 2143 863; x_wconf 92' lang='lat'><strong>.</strong></span> <span class='ocrx_word' id='word_1_313' title='bbox 2184 820 2301 868; x_wconf 84' lang='lat' dir='ltr'><strong>Tur-</strong></span> 
     </span>
     <span class='ocr_line' id='line_1_51' title="bbox 1313 882 2305 955; baseline 0.007 -26"><span class='ocrx_word' id='word_1_314' title='bbox 1313 882 1369 931; x_wconf 63' lang='lat' dir='ltr'><strong>be</strong></span> <span class='ocrx_word' id='word_1_315' title='bbox 1394 899 1532 931; x_wconf 81' lang='lat' dir='ltr'><strong>autem</strong></span> <span class='ocrx_word' id='word_1_316' title='bbox 1569 902 1652 951; x_wconf 80' lang='lat' dir='ltr'><strong>quae</strong></span> <span class='ocrx_word' id='word_1_317' title='bbox 1669 887 1964 951; x_wconf 65' lang='lat' dir='ltr'><strong>praecedebant</strong></span> <span class='ocrx_word' id='word_1_318' title='bbox 1983 924 2000 946; x_wconf 85' lang='lat'><strong>,</strong></span> <span class='ocrx_word' id='word_1_319' title='bbox 2036 889 2091 935; x_wconf 71' lang='grc'><strong>(3·</strong></span> <span class='ocrx_word' id='word_1_320' title='bbox 2123 907 2208 954; x_wconf 68' lang='lat' dir='ltr'><strong>que</strong></span> <span class='ocrx_word' id='word_1_321' title='bbox 2229 889 2305 955; x_wconf 67' lang='lat' dir='ltr'><strong>fie-</strong></span> 
     </span>
     <span class='ocr_line' id='line_1_52' title="bbox 1312 953 2305 1027; baseline 0.005 -25"><span class='ocrx_word' id='word_1_322' title='bbox 1312 953 1575 1021; x_wconf 74' lang='lat' dir='ltr'><strong>quebancur,</strong></span> <span class='ocrx_word' id='word_1_323' title='bbox 1606 957 1848 1024; x_wconf 77' lang='lat' dir='ltr'><strong>clamabant</strong></span> <span class='ocrx_word' id='word_1_324' title='bbox 1876 959 2095 1009; x_wconf 82' lang='lat' dir='ltr'><strong>dicentes:</strong></span> <span class='ocrx_word' id='word_1_325' title='bbox 2131 958 2234 1027; x_wconf 87' lang='lat' dir='ltr'><strong>Hos</strong></span> <span class='ocrx_word' id='word_1_326' title='bbox 2227 974 2305 1007; x_wconf 79' lang='lat' dir='ltr'><strong>an-</strong></span> 
     </span>
     <span class='ocr_line' id='line_1_53' title="bbox 1317 1026 1780 1094; baseline -0.002 -21"><span class='ocrx_word' id='word_1_327' title='bbox 1317 1027 1487 1094; x_wconf 82' lang='lat' dir='ltr'><em>nafilio</em></span> <span class='ocrx_word' id='word_1_328' title='bbox 1501 1026 1674 1075; x_wconf 75' lang='lat' dir='ltr'><strong>David</strong></span> <span class='ocrx_word' id='word_1_329' title='bbox 1688 1029 1780 1076; x_wconf 56' lang='grc' dir='ltr'><strong>(γε.</strong></span> 
     </span>
    </p>

    <p class='ocr_par' dir='ltr' id='par_1_11' title="bbox 1313 1095 2312 1797">
     <span class='ocr_line' id='line_1_54' title="bbox 1390 1095 2303 1157; baseline 0 -14"><span class='ocrx_word' id='word_1_330' title='bbox 1390 1098 1454 1143; x_wconf 90' lang='grc' dir='ltr'><strong>Ν.</strong></span> <span class='ocrx_word' id='word_1_331' title='bbox 1497 1099 1554 1144; x_wconf 91' lang='lat' dir='ltr'><strong>In</strong></span> <span class='ocrx_word' id='word_1_332' title='bbox 1592 1095 1929 1157; x_wconf 83' lang='lat' dir='ltr'><strong>decimatertia</strong></span> <span class='ocrx_word' id='word_1_333' title='bbox 1964 1099 2123 1146; x_wconf 85' lang='lat' dir='ltr'><strong>areola</strong></span> <span class='ocrx_word' id='word_1_334' title='bbox 2157 1097 2303 1147; x_wconf 83' lang='lat' dir='ltr'><strong>Chri-—</strong></span> 
     </span>
     <span class='ocr_line' id='line_1_55' title="bbox 1317 1164 2304 1235; baseline -0.002 -21"><span class='ocrx_word' id='word_1_335' title='bbox 1317 1164 1407 1215; x_wconf 86' lang='lat' dir='ltr'><strong>stus</strong></span> <span class='ocrx_word' id='word_1_336' title='bbox 1427 1166 1572 1235; x_wconf 88' lang='lat' dir='ltr'><strong>pedes</strong></span> <span class='ocrx_word' id='word_1_337' title='bbox 1593 1164 1945 1234; x_wconf 85' lang='lat' dir='ltr'><strong>Apostolorum</strong></span> <span class='ocrx_word' id='word_1_338' title='bbox 1967 1167 2101 1214; x_wconf 86' lang='lat' dir='ltr'><strong>lavat</strong></span> <span class='ocrx_word' id='word_1_339' title='bbox 2118 1203 2134 1224; x_wconf 92' lang='lat'><strong>,</strong></span> <span class='ocrx_word' id='word_1_340' title='bbox 2171 1181 2225 1214; x_wconf 87' lang='lat' dir='ltr'><strong>ut</strong></span> <span class='ocrx_word' id='word_1_341' title='bbox 2243 1184 2304 1215; x_wconf 75' lang='lat' dir='ltr'><strong>ex</strong></span> 
     </span>
     <span class='ocr_line' id='line_1_56' title="bbox 1315 1238 2307 1304; baseline -0.003 -18"><span class='ocrx_word' id='word_1_342' title='bbox 1315 1239 1490 1287; x_wconf 86' lang='lat' dir='ltr'><strong>literis:</strong></span> <span class='ocrx_word' id='word_1_343' title='bbox 1534 1238 1864 1288; x_wconf 73' lang='lat' dir='ltr'><strong>LAVATIO</strong></span> <span class='ocrx_word' id='word_1_344' title='bbox 1901 1238 2095 1287; x_wconf 84' lang='lat' dir='ltr'>PEDV.</span> <span class='ocrx_word' id='word_1_345' title='bbox 2130 1272 2147 1293; x_wconf 83' lang='lat'><em>,</em></span> <span class='ocrx_word' id='word_1_346' title='bbox 2189 1254 2307 1304; x_wconf 85' lang='lat' dir='ltr'><strong>qua-</strong></span> 
     </span>
     <span class='ocr_line' id='line_1_57' title="bbox 1313 1307 2306 1378; baseline -0.004 -22"><span class='ocrx_word' id='word_1_347' title='bbox 1313 1326 1423 1356; x_wconf 87' lang='lat' dir='ltr'><strong>rum</strong></span> <span class='ocrx_word' id='word_1_348' title='bbox 1452 1307 1698 1378; x_wconf 67' lang='lat' dir='ltr'><strong>postremae</strong></span> <span class='ocrx_word' id='word_1_349' title='bbox 1733 1310 1877 1356; x_wconf 83' lang='lat' dir='ltr'><strong>aliam</strong></span> <span class='ocrx_word' id='word_1_350' title='bbox 1906 1345 1922 1365; x_wconf 86' lang='lat'><strong><em>,</em></strong></span> <span class='ocrx_word' id='word_1_351' title='bbox 1962 1307 2199 1357; x_wconf 86' lang='lat' dir='ltr'><strong>videlicet</strong></span> <span class='ocrx_word' id='word_1_352' title='bbox 2231 1308 2306 1354; x_wconf 86' lang='lat' dir='ltr'><strong>M.</strong></span> 
     </span>
     <span class='ocr_line' id='line_1_58' title="bbox 1315 1376 2308 1444; baseline -0.004 -17"><span class='ocrx_word' id='word_1_353' title='bbox 1315 1379 1460 1428; x_wconf 85' lang='lat' dir='ltr'><strong>addas</strong></span> <span class='ocrx_word' id='word_1_354' title='bbox 1498 1376 1679 1429; x_wconf 81' lang='lat' dir='ltr'><strong>neceffe</strong></span> <span class='ocrx_word' id='word_1_355' title='bbox 1718 1377 1783 1428; x_wconf 85' lang='lat' dir='ltr'><strong>est</strong></span> <span class='ocrx_word' id='word_1_356' title='bbox 1810 1414 1825 1436; x_wconf 90' lang='lat'>,</span> <span class='ocrx_word' id='word_1_357' title='bbox 1864 1393 1918 1426; x_wconf 90' lang='lat' dir='ltr'><strong>ut</strong></span> <span class='ocrx_word' id='word_1_358' title='bbox 1939 1379 2100 1444; x_wconf 82' lang='lat' dir='ltr'><strong>pedum</strong></span> <span class='ocrx_word' id='word_1_359' title='bbox 2136 1376 2273 1426; x_wconf 89' lang='lat' dir='ltr'><strong>sonet</strong></span> <span class='ocrx_word' id='word_1_360' title='bbox 2295 1411 2308 1423; x_wconf 89' lang='lat'><strong>.</strong></span> 
     </span>
     <span class='ocr_line' id='line_1_59' title="bbox 1317 1449 2308 1518; baseline -0.005 -19"><span class='ocrx_word' id='word_1_361' title='bbox 1317 1453 1420 1499; x_wconf 88' lang='lat' dir='ltr'><strong>Stat</strong></span> <span class='ocrx_word' id='word_1_362' title='bbox 1440 1449 1656 1500; x_wconf 85' lang='lat' dir='ltr'><strong>Christus</strong></span> <span class='ocrx_word' id='word_1_363' title='bbox 1682 1463 1911 1518; x_wconf 85' lang='lat' dir='ltr'><strong>tanquam</strong></span> <span class='ocrx_word' id='word_1_364' title='bbox 1932 1451 2164 1499; x_wconf 83' lang='lat' dir='ltr'><strong>altercans</strong></span> <span class='ocrx_word' id='word_1_365' title='bbox 2195 1460 2308 1495; x_wconf 89' lang='lat' dir='ltr'><strong>ante</strong></span> 
     </span>
     <span class='ocr_line' id='line_1_60' title="bbox 1318 1515 2312 1588; baseline -0.005 -19"><span class='ocrx_word' id='word_1_366' title='bbox 1318 1522 1518 1570; x_wconf 85' lang='lat' dir='ltr'><strong>Petrum</strong></span> <span class='ocrx_word' id='word_1_367' title='bbox 1552 1519 1836 1578; x_wconf 86' lang='lat' dir='ltr'><strong>sedentem,</strong></span> <span class='ocrx_word' id='word_1_368' title='bbox 1875 1523 1953 1569; x_wconf 88' lang='lat' dir='ltr'><strong>cui</strong></span> <span class='ocrx_word' id='word_1_369' title='bbox 1989 1522 2212 1588; x_wconf 77' lang='lat' dir='ltr'><strong>proxima</strong></span> <span class='ocrx_word' id='word_1_370' title='bbox 2244 1515 2312 1566; x_wconf 81' lang='lat' dir='ltr'><strong>est</strong></span> 
     </span>
     <span class='ocr_line' id='line_1_61' title="bbox 1317 1585 2312 1660; baseline -0.009 -19"><span class='ocrx_word' id='word_1_371' title='bbox 1317 1593 1502 1660; x_wconf 78' lang='lat' dir='ltr'><strong>pelvis,</strong></span> <span class='ocrx_word' id='word_1_372' title='bbox 1528 1593 1579 1643; x_wconf 67' lang='grc' dir='ltr'><strong>ὃς</strong></span> <span class='ocrx_word' id='word_1_373' title='bbox 1597 1596 1621 1642; x_wconf 69' lang='lat' dir='ltr'><strong>a</strong></span> <span class='ocrx_word' id='word_1_374' title='bbox 1642 1606 1776 1660; x_wconf 84' lang='lat' dir='ltr'><strong>tergo</strong></span> <span class='ocrx_word' id='word_1_375' title='bbox 1808 1588 1919 1639; x_wconf 86' lang='lat' dir='ltr'><strong>sunt</strong></span> <span class='ocrx_word' id='word_1_376' title='bbox 1943 1593 2026 1638; x_wconf 83' lang='lat' dir='ltr'><strong>alii</strong></span> <span class='ocrx_word' id='word_1_377' title='bbox 2048 1585 2273 1656; x_wconf 88' lang='lat' dir='ltr'><strong>Apostoli</strong></span> <span class='ocrx_word' id='word_1_378' title='bbox 2293 1621 2312 1643; x_wconf 85' lang='lat'>,</span> 
     </span>
     <span class='ocr_line' id='line_1_62' title="bbox 1317 1657 2307 1733; baseline -0.01 -22"><span class='ocrx_word' id='word_1_379' title='bbox 1317 1661 1456 1731; x_wconf 87' lang='lat' dir='ltr'><strong>supra</strong></span> <span class='ocrx_word' id='word_1_380' title='bbox 1478 1661 1726 1711; x_wconf 86' lang='lat' dir='ltr'><strong>Christum</strong></span> <span class='ocrx_word' id='word_1_381' title='bbox 1762 1660 1995 1733; x_wconf 79' lang='lat' dir='ltr'><strong>quiddam</strong></span> <span class='ocrx_word' id='word_1_382' title='bbox 2014 1660 2172 1707; x_wconf 88' lang='lat' dir='ltr'><strong>veluti</strong></span> <span class='ocrx_word' id='word_1_383' title='bbox 2207 1657 2307 1702; x_wconf 92' lang='lat' dir='ltr'><strong>Lu-</strong></span> 
     </span>
     <span class='ocr_line' id='line_1_63' title="bbox 1318 1726 2308 1797; baseline -0.006 -19"><span class='ocrx_word' id='word_1_384' title='bbox 1318 1749 1377 1779; x_wconf 86' lang='lat' dir='ltr'><strong>na</strong></span> <span class='ocrx_word' id='word_1_385' title='bbox 1419 1732 1674 1781; x_wconf 83' lang='lat' dir='ltr'><strong>dimidiata</strong></span> <span class='ocrx_word' id='word_1_386' title='bbox 1709 1729 1951 1797; x_wconf 86' lang='lat' dir='ltr'><strong>dependet</strong></span> <span class='ocrx_word' id='word_1_387' title='bbox 1982 1766 1999 1787; x_wconf 86' lang='lat'>‚</span> <span class='ocrx_word' id='word_1_388' title='bbox 2050 1746 2145 1794; x_wconf 91' lang='lat' dir='ltr'><strong>quo</strong></span> <span class='ocrx_word' id='word_1_389' title='bbox 2185 1726 2308 1774; x_wconf 85' lang='lat' dir='ltr'><strong>nihil</strong></span> 
     </span>
    </p>
   </div>
   <div class='ocr_carea' id='block_1_7' title="bbox 1318 1798 2308 1912">
    <p class='ocr_par' dir='ltr' id='par_1_12' title="bbox 1318 1798 2308 1912">
     <span class='ocr_line' id='line_1_64' title="bbox 1318 1798 2308 1862; baseline -0.006 -14"><span class='ocrx_word' id='word_1_390' title='bbox 1318 1801 1450 1850; x_wconf 88' lang='lat' dir='ltr'><strong>aliud</strong></span> <span class='ocrx_word' id='word_1_391' title='bbox 1464 1838 1479 1859; x_wconf 87' lang='lat'><strong>,</strong></span> <span class='ocrx_word' id='word_1_392' title='bbox 1499 1801 1587 1852; x_wconf 71' lang='lat' dir='ltr'><strong>nisi</strong></span> <span class='ocrx_word' id='word_1_393' title='bbox 1607 1802 1724 1850; x_wconf 83' lang='lat' dir='ltr'><strong>duas</strong></span> <span class='ocrx_word' id='word_1_394' title='bbox 1744 1801 1963 1850; x_wconf 84' lang='lat' dir='ltr'><strong>lucernas</strong></span> <span class='ocrx_word' id='word_1_395' title='bbox 1982 1798 2202 1849; x_wconf 86' lang='lat' dir='ltr'><strong>denotari</strong></span> <span class='ocrx_word' id='word_1_396' title='bbox 2220 1813 2308 1862; x_wconf 88' lang='lat' dir='ltr'><strong>pro</strong></span> 
     </span>
     <span class='ocr_line' id='line_1_65' title="bbox 1319 1872 1659 1912; baseline 0 -2"><span class='ocrx_word' id='word_1_397' title='bbox 1319 1885 1449 1912; x_wconf 71' lang='lat' dir='ltr'><strong>cerro</strong></span> <span class='ocrx_word' id='word_1_398' title='bbox 1476 1872 1624 1912; x_wconf 52' lang='lat' dir='ltr'><strong>balaeo</strong></span> <span class='ocrx_word' id='word_1_399' title='bbox 1648 1902 1659 1907; x_wconf 85' lang='lat'><em>-</em></span> 
     </span>
    </p>
   </div>
   <div class='ocr_carea' id='block_1_8' title="bbox 1317 1928 2308 2212">
    <p class='ocr_par' dir='ltr' id='par_1_13' title="bbox 1317 1928 2308 2212">
     <span class='ocr_line' id='line_1_66' title="bbox 1387 1928 2306 2000; baseline 0.002 -20"><span class='ocrx_word' id='word_1_400' title='bbox 1387 1933 1452 1980; x_wconf 91' lang='lat' dir='ltr'><strong>O.</strong></span> <span class='ocrx_word' id='word_1_401' title='bbox 1493 1928 1598 1978; x_wconf 76' lang='lat' dir='ltr'><strong>Nifi</strong></span> <span class='ocrx_word' id='word_1_402' title='bbox 1620 1949 1677 1979; x_wconf 84' lang='lat' dir='ltr'><strong>ex</strong></span> <span class='ocrx_word' id='word_1_403' title='bbox 1695 1931 2006 1999; x_wconf 87' lang='lat' dir='ltr'><strong>inscriptione</strong></span> <span class='ocrx_word' id='word_1_404' title='bbox 2027 1933 2306 2000; x_wconf 69' lang='lat' dir='ltr'><strong>quidnam-2</strong></span> 
     </span>
     <span class='ocr_line' id='line_1_67' title="bbox 1317 1997 2308 2070; baseline 0.003 -21"><span class='ocrx_word' id='word_1_405' title='bbox 1317 1997 1582 2069; x_wconf 78' lang='lat' dir='ltr'><strong>significent</strong></span> <span class='ocrx_word' id='word_1_406' title='bbox 1606 2003 1790 2070; x_wconf 85' lang='lat' dir='ltr'><strong>Figurae</strong></span> <span class='ocrx_word' id='word_1_407' title='bbox 1818 2004 1867 2049; x_wconf 88' lang='lat' dir='ltr'><strong>in</strong></span> <span class='ocrx_word' id='word_1_408' title='bbox 1895 2004 1981 2051; x_wconf 87' lang='lat' dir='ltr'><strong>hac</strong></span> <span class='ocrx_word' id='word_1_409' title='bbox 2009 2005 2170 2052; x_wconf 88' lang='lat' dir='ltr'><strong>areola</strong></span> <span class='ocrx_word' id='word_1_410' title='bbox 2192 2023 2308 2053; x_wconf 90' lang='lat' dir='ltr'><strong>con-</strong></span> 
     </span>
     <span class='ocr_line' id='line_1_68' title="bbox 1320 2071 2307 2130; baseline 0.002 -10"><span class='ocrx_word' id='word_1_411' title='bbox 1320 2085 1463 2121; x_wconf 82' lang='lat' dir='ltr'><strong>tentae</strong></span> <span class='ocrx_word' id='word_1_412' title='bbox 1499 2072 1730 2122; x_wconf 86' lang='lat' dir='ltr'><strong>edocerer</strong></span> <span class='ocrx_word' id='word_1_413' title='bbox 1756 2108 1773 2130; x_wconf 88' lang='lat'>,</span> <span class='ocrx_word' id='word_1_414' title='bbox 1814 2071 2026 2121; x_wconf 83' lang='lat' dir='ltr'><strong>divinari</strong></span> <span class='ocrx_word' id='word_1_415' title='bbox 2055 2075 2185 2123; x_wconf 65' lang='lat' dir='ltr'><strong>certe</strong></span> <span class='ocrx_word' id='word_1_416' title='bbox 2212 2093 2307 2124; x_wconf 86' lang='lat' dir='ltr'><strong>non</strong></span> 
     </span>
     <span class='ocr_line' id='line_1_69' title="bbox 1317 2139 2302 2212; baseline 0.003 -20"><span class='ocrx_word' id='word_1_417' title='bbox 1317 2139 1525 2212; x_wconf 78' lang='lat' dir='ltr'><strong>poffem.</strong></span> <span class='ocrx_word' id='word_1_418' title='bbox 1549 2142 1806 2212; x_wconf 87' lang='lat' dir='ltr'><strong>Inscriptio</strong></span> <span class='ocrx_word' id='word_1_419' title='bbox 1828 2158 1990 2194; x_wconf 86' lang='lat' dir='ltr'><strong>autem</strong></span> <span class='ocrx_word' id='word_1_420' title='bbox 2009 2141 2089 2194; x_wconf 85' lang='lat' dir='ltr'><strong>est:</strong></span> <span class='ocrx_word' id='word_1_421' title='bbox 2113 2146 2302 2195; x_wconf 85' lang='lat' dir='ltr'>CENA</span> 
     </span>
    </p>
   </div>
   <div class='ocr_carea' id='block_1_9' title="bbox 1318 2216 2304 2336">
    <p class='ocr_par' dir='ltr' id='par_1_14' title="bbox 1318 2216 2304 2336">
     <span class='ocr_line' id='line_1_70' title="bbox 1318 2216 1620 2265; baseline -0.003 -3"><span class='ocrx_word' id='word_1_422' title='bbox 1318 2216 1590 2265; x_wconf 87' lang='lat' dir='ltr'>DOMINI</span> <span class='ocrx_word' id='word_1_423' title='bbox 1611 2251 1620 2261; x_wconf 90' lang='lat'>.</span> 
     </span>
     <span class='ocr_line' id='line_1_71' title="bbox 1389 2281 2304 2336; baseline 0.004 -4"><span class='ocrx_word' id='word_1_424' title='bbox 1389 2286 1438 2332; x_wconf 90' lang='lat' dir='ltr'><strong>P.</strong></span> <span class='ocrx_word' id='word_1_425' title='bbox 1478 2281 1741 2333; x_wconf 87' lang='lat' dir='ltr'><strong>Infandum</strong></span> <span class='ocrx_word' id='word_1_426' title='bbox 1772 2286 1821 2332; x_wconf 90' lang='lat' dir='ltr'><strong>in</strong></span> <span class='ocrx_word' id='word_1_427' title='bbox 1850 2285 1941 2333; x_wconf 89' lang='lat' dir='ltr'><strong>hoc</strong></span> <span class='ocrx_word' id='word_1_428' title='bbox 1975 2287 2304 2336; x_wconf 85' lang='lat' dir='ltr'><strong>loculamento</strong></span> 
     </span>
    </p>
   </div>
   <div class='ocr_carea' id='block_1_10' title="bbox 1307 2355 2303 2426">
    <p class='ocr_par' dir='ltr' id='par_1_15' title="bbox 1307 2355 2303 2426">
     <span class='ocr_line' id='line_1_72' title="bbox 1307 2355 2303 2426; baseline 0.001 -22"><span class='ocrx_word' id='word_1_429' title='bbox 1307 2355 1447 2426; x_wconf 84' lang='lat' dir='ltr'><strong>Judae</strong></span> <span class='ocrx_word' id='word_1_430' title='bbox 1476 2355 1737 2423; x_wconf 84' lang='lat' dir='ltr'><strong>proditoris</strong></span> <span class='ocrx_word' id='word_1_431' title='bbox 1761 2357 1943 2404; x_wconf 74' lang='lat' dir='ltr'><strong>crImen</strong></span> <span class='ocrx_word' id='word_1_432' title='bbox 1975 2359 2303 2424; x_wconf 82' lang='lat' dir='ltr'><strong>exprimitur,</strong></span> 
     </span>
    </p>
   </div>
   <div class='ocr_carea' id='block_1_11' title="bbox 1312 2429 2310 3406">
    <p class='ocr_par' dir='ltr' id='par_1_16' title="bbox 1314 2429 2310 2974">
     <span class='ocr_line' id='line_1_73' title="bbox 1316 2429 2307 2495; baseline 0 -20"><span class='ocrx_word' id='word_1_433' title='bbox 1316 2429 1428 2494; x_wconf 88' lang='lat' dir='ltr'><strong>qui,</strong></span> <span class='ocrx_word' id='word_1_434' title='bbox 1462 2440 1516 2475; x_wconf 89' lang='lat' dir='ltr'><strong>ut</strong></span> <span class='ocrx_word' id='word_1_435' title='bbox 1545 2429 1834 2494; x_wconf 85' lang='lat' dir='ltr'><strong>aitJoannes</strong></span> <span class='ocrx_word' id='word_1_436' title='bbox 1849 2445 1949 2495; x_wconf 89' lang='lat' dir='ltr'><strong>cap.</strong></span> <span class='ocrx_word' id='word_1_437' title='bbox 1976 2434 2053 2477; x_wconf 89' lang='lat'><strong>18.</strong></span> <span class='ocrx_word' id='word_1_438' title='bbox 2079 2441 2123 2484; x_wconf 86' lang='lat'><strong>3.</strong></span> <span class='ocrx_word' id='word_1_439' title='bbox 2153 2429 2203 2478; x_wconf 86' lang='lat'>&amp;</span> <span class='ocrx_word' id='word_1_440' title='bbox 2229 2447 2307 2476; x_wconf 87' lang='lat'><strong>12.</strong></span> 
     </span>
     <span class='ocr_line' id='line_1_74' title="bbox 1320 2499 2303 2567; baseline 0.001 -21"><span class='ocrx_word' id='word_1_441' title='bbox 1320 2503 1414 2548; x_wconf 69' lang='lat' dir='ltr'><strong>cittn</strong></span> <span class='ocrx_word' id='word_1_442' title='bbox 1435 2499 1650 2566; x_wconf 70' lang='lat' dir='ltr'><strong>accepfft</strong></span> <span class='ocrx_word' id='word_1_443' title='bbox 1666 2500 1878 2547; x_wconf 80' lang='lat' dir='ltr'><strong>cohortem</strong></span> <span class='ocrx_word' id='word_1_444' title='bbox 1892 2534 1908 2561; x_wconf 77' lang='grc'>,</span> <span class='ocrx_word' id='word_1_445' title='bbox 1947 2502 2003 2550; x_wconf 70' lang='grc'><strong>(9·</strong></span> <span class='ocrx_word' id='word_1_446' title='bbox 2027 2505 2052 2550; x_wconf 75' lang='grc' dir='ltr'><strong>(Ξ</strong></span> <span class='ocrx_word' id='word_1_447' title='bbox 2067 2501 2303 2567; x_wconf 77' lang='lat' dir='ltr'><strong>Pontifici-</strong></span> 
     </span>
     <span class='ocr_line' id='line_1_75' title="bbox 1317 2569 2301 2636; baseline 0 -18"><span class='ocrx_word' id='word_1_448' title='bbox 1317 2569 1424 2628; x_wconf 87' lang='lat' dir='ltr'><strong>bus,</strong></span> <span class='ocrx_word' id='word_1_449' title='bbox 1447 2574 1503 2619; x_wconf 60' lang='grc' dir='ltr'><strong>(β’</strong></span> <span class='ocrx_word' id='word_1_450' title='bbox 1519 2571 1753 2636; x_wconf 74' lang='lat' dir='ltr'><strong>Pharlsaeis</strong></span> <span class='ocrx_word' id='word_1_451' title='bbox 1783 2571 2015 2620; x_wconf 56' lang='lat' dir='ltr'><strong>ministros</strong></span> <span class='ocrx_word' id='word_1_452' title='bbox 2027 2606 2044 2628; x_wconf 83' lang='lat'>,</span> <span class='ocrx_word' id='word_1_453' title='bbox 2082 2574 2218 2621; x_wconf 68' lang='lat' dir='ltr'><strong>venit</strong></span> <span class='ocrx_word' id='word_1_454' title='bbox 2243 2571 2301 2618; x_wconf 81' lang='lat' dir='ltr'><strong>il·-</strong></span> 
     </span>
     <span class='ocr_line' id='line_1_76' title="bbox 1318 2638 2296 2707; baseline -0.003 -18"><span class='ocrx_word' id='word_1_455' title='bbox 1318 2643 1385 2689; x_wconf 84' lang='lat' dir='ltr'><strong>lue</strong></span> <span class='ocrx_word' id='word_1_456' title='bbox 1403 2660 1493 2689; x_wconf 87' lang='lat' dir='ltr'><strong>cum</strong></span> <span class='ocrx_word' id='word_1_457' title='bbox 1512 2642 1720 2698; x_wconf 76' lang='lat' dir='ltr'><strong>laternis,</strong></span> <span class='ocrx_word' id='word_1_458' title='bbox 1749 2638 1985 2707; x_wconf 66' lang='lat' dir='ltr'><strong>&amp;finibus</strong></span> <span class='ocrx_word' id='word_1_459' title='bbox 1997 2678 2014 2699; x_wconf 89' lang='lat'>,</span> <span class='ocrx_word' id='word_1_460' title='bbox 2044 2644 2099 2690; x_wconf 60' lang='grc' dir='ltr'><strong>(ν</strong></span> <span class='ocrx_word' id='word_1_461' title='bbox 2131 2645 2267 2688; x_wconf 76' lang='lat' dir='ltr'><strong>armis</strong></span> <span class='ocrx_word' id='word_1_462' title='bbox 2286 2675 2296 2685; x_wconf 94' lang='lat'><strong>.</strong></span> 
     </span>
     <span class='ocr_line' id='line_1_77' title="bbox 1317 2710 2302 2780; baseline -0.001 -21"><span class='ocrx_word' id='word_1_463' title='bbox 1317 2713 1475 2762; x_wconf 79' lang='lat' dir='ltr'><strong>Cohors</strong></span> <span class='ocrx_word' id='word_1_464' title='bbox 1491 2731 1586 2780; x_wconf 79' lang='lat' dir='ltr'><strong>ergo</strong></span> <span class='ocrx_word' id='word_1_465' title='bbox 1601 2749 1616 2769; x_wconf 96' lang='lat'>,</span> <span class='ocrx_word' id='word_1_466' title='bbox 1642 2714 1698 2760; x_wconf 72' lang='grc'><strong>(3·</strong></span> <span class='ocrx_word' id='word_1_467' title='bbox 1719 2710 1937 2762; x_wconf 77' lang='lat' dir='ltr'><strong>Tribunus</strong></span> <span class='ocrx_word' id='word_1_468' title='bbox 1958 2748 1974 2768; x_wconf 90' lang='lat'>‚</span> <span class='ocrx_word' id='word_1_469' title='bbox 2014 2715 2070 2761; x_wconf 67' lang='lat'><strong>&amp;⁴</strong></span> <span class='ocrx_word' id='word_1_470' title='bbox 2096 2712 2302 2763; x_wconf 58' lang='lat' dir='ltr'><strong>ministr-i</strong></span> 
     </span>
     <span class='ocr_line' id='line_1_78' title="bbox 1316 2782 2307 2850; baseline -0.002 -19"><span class='ocrx_word' id='word_1_471' title='bbox 1316 2783 1574 2850; x_wconf 63' lang='lat' dir='ltr'><strong>“Judaeorum</strong></span> <span class='ocrx_word' id='word_1_472' title='bbox 1591 2783 1996 2848; x_wconf 76' lang='lat' dir='ltr'><strong>comprehenderunt</strong></span> <span class='ocrx_word' id='word_1_473' title='bbox 2017 2782 2183 2850; x_wconf 74' lang='lat' dir='ltr'><strong>GJes&#39;um</strong></span> <span class='ocrx_word' id='word_1_474' title='bbox 2196 2816 2212 2836; x_wconf 92' lang='lat'><em>,</em></span> <span class='ocrx_word' id='word_1_475' title='bbox 2252 2783 2307 2829; x_wconf 62' lang='grc' dir='ltr'><strong>(Ὺ</strong></span> 
     </span>
     <span class='ocr_line' id='line_1_79' title="bbox 1314 2850 2310 2921; baseline -0.005 -18"><span class='ocrx_word' id='word_1_476' title='bbox 1314 2857 1572 2921; x_wconf 61' lang='lat' dir='ltr'><strong>ligaverunt</strong></span> <span class='ocrx_word' id='word_1_477' title='bbox 1596 2872 1686 2903; x_wconf 86' lang='lat' dir='ltr'><strong>eum</strong></span> <span class='ocrx_word' id='word_1_478' title='bbox 1701 2890 1716 2911; x_wconf 89' lang='lat'><strong><em>,</em></strong></span> <span class='ocrx_word' id='word_1_479' title='bbox 1752 2857 1808 2903; x_wconf 63' lang='grc' dir='ltr'><strong>(θ’</strong></span> <span class='ocrx_word' id='word_1_480' title='bbox 1825 2853 2106 2903; x_wconf 78' lang='lat' dir='ltr'><strong>adduxerunt</strong></span> <span class='ocrx_word' id='word_1_481' title='bbox 2135 2869 2227 2901; x_wconf 85' lang='lat' dir='ltr'><strong>eum</strong></span> <span class='ocrx_word' id='word_1_482' title='bbox 2249 2850 2310 2898; x_wconf 69' lang='lat' dir='ltr'><strong>acl</strong></span> 
     </span>
     <span class='ocr_line' id='line_1_80' title="bbox 1315 2926 1534 2974; baseline -0.005 0"><span class='ocrx_word' id='word_1_483' title='bbox 1315 2926 1501 2974; x_wconf 85' lang='lat' dir='ltr'><em>Annam</em></span> <span class='ocrx_word' id='word_1_484' title='bbox 1524 2962 1534 2972; x_wconf 92' lang='lat'><strong>.</strong></span> 
     </span>
    </p>

    <p class='ocr_par' dir='ltr' id='par_1_17' title="bbox 1312 2986 2299 3345">
     <span class='ocr_line' id='line_1_81' title="bbox 1388 2986 2298 3062; baseline -0.005 -20"><span class='ocrx_word' id='word_1_485' title='bbox 1388 2996 1459 3061; x_wconf 71' lang='lat' dir='ltr'>Q</span> <span class='ocrx_word' id='word_1_486' title='bbox 1492 2993 1799 3062; x_wconf 71' lang='lat' dir='ltr'><strong>Qiadratum</strong></span> <span class='ocrx_word' id='word_1_487' title='bbox 1828 2994 1919 3044; x_wconf 91' lang='lat' dir='ltr'><strong>hoc</strong></span> <span class='ocrx_word' id='word_1_488' title='bbox 1938 2988 2069 3041; x_wconf 67' lang='lat' dir='ltr'><strong>nullai</strong></span> <span class='ocrx_word' id='word_1_489' title='bbox 2100 2986 2298 3039; x_wconf 72' lang='lat' dir='ltr'><strong>omnino</strong></span> 
     </span>
     <span class='ocr_line' id='line_1_82' title="bbox 1316 3059 2299 3134; baseline -0.006 -21"><span class='ocrx_word' id='word_1_490' title='bbox 1316 3078 1422 3131; x_wconf 84' lang='lat' dir='ltr'><strong>eget</strong></span> <span class='ocrx_word' id='word_1_491' title='bbox 1445 3066 1768 3134; x_wconf 83' lang='lat' dir='ltr'><strong>explicatione</strong></span> <span class='ocrx_word' id='word_1_492' title='bbox 1787 3101 1798 3112; x_wconf 89' lang='lat'><strong>.</strong></span> <span class='ocrx_word' id='word_1_493' title='bbox 1839 3062 2028 3116; x_wconf 84' lang='lat' dir='ltr'><strong>Vifitur</strong></span> <span class='ocrx_word' id='word_1_494' title='bbox 2065 3063 2198 3111; x_wconf 89' lang='lat' dir='ltr'><strong>enim</strong></span> <span class='ocrx_word' id='word_1_495' title='bbox 2220 3059 2299 3108; x_wconf 87' lang='lat' dir='ltr'><strong>-ibi</strong></span> 
     </span>
     <span class='ocr_line' id='line_1_83' title="bbox 1316 3133 2296 3201; baseline -0.006 -18"><span class='ocrx_word' id='word_1_496' title='bbox 1316 3133 1530 3184; x_wconf 83' lang='lat' dir='ltr'><strong>Christus</strong></span> <span class='ocrx_word' id='word_1_497' title='bbox 1554 3137 1685 3185; x_wconf 90' lang='lat' dir='ltr'><strong>cruci</strong></span> <span class='ocrx_word' id='word_1_498' title='bbox 1710 3133 1906 3195; x_wconf 83' lang='lat' dir='ltr'><strong>affixus;</strong></span> <span class='ocrx_word' id='word_1_499' title='bbox 1936 3134 2083 3201; x_wconf 61' lang='lat' dir='ltr'><strong>prop}</strong></span> <span class='ocrx_word' id='word_1_500' title='bbox 2100 3148 2296 3181; x_wconf 90' lang='lat' dir='ltr'><strong>crucem</strong></span> 
     </span>
     <span class='ocr_line' id='line_1_84' title="bbox 1312 3201 2293 3274; baseline -0.003 -22"><span class='ocrx_word' id='word_1_501' title='bbox 1312 3207 1337 3252; x_wconf 68' lang='grc' dir='ltr'>ὲ</span> <span class='ocrx_word' id='word_1_502' title='bbox 1372 3201 1560 3254; x_wconf 80' lang='lat' dir='ltr'><strong>sinistris</strong></span> <span class='ocrx_word' id='word_1_503' title='bbox 1589 3210 1640 3253; x_wconf 90' lang='lat' dir='ltr'><strong>B.</strong></span> <span class='ocrx_word' id='word_1_504' title='bbox 1679 3209 1835 3274; x_wconf 86' lang='lat' dir='ltr'><strong>Virgo</strong></span> <span class='ocrx_word' id='word_1_505' title='bbox 1863 3204 2024 3252; x_wconf 79' lang='lat' dir='ltr'><strong>Maria</strong></span> <span class='ocrx_word' id='word_1_506' title='bbox 2061 3205 2108 3250; x_wconf 88' lang='lat' dir='ltr'><strong>in</strong></span> <span class='ocrx_word' id='word_1_507' title='bbox 2133 3204 2293 3267; x_wconf 85' lang='lat' dir='ltr'><strong>lacry-</strong></span> 
     </span>
     <span class='ocr_line' id='line_1_85' title="bbox 1322 3272 2295 3345; baseline -0.003 -23"><span class='ocrx_word' id='word_1_508' title='bbox 1322 3292 1419 3322; x_wconf 82' lang='lat' dir='ltr'><strong>mas</strong></span> <span class='ocrx_word' id='word_1_509' title='bbox 1442 3309 1457 3331; x_wconf 85' lang='lat'><strong>,</strong></span> <span class='ocrx_word' id='word_1_510' title='bbox 1494 3275 1795 3345; x_wconf 83' lang='lat' dir='ltr'><strong>gemitusque</strong></span> <span class='ocrx_word' id='word_1_511' title='bbox 1827 3272 2015 3324; x_wconf 75' lang='lat' dir='ltr'><strong>solutaz</strong></span> <span class='ocrx_word' id='word_1_512' title='bbox 2054 3273 2161 3322; x_wconf 53' lang='lat' dir='ltr'><strong>duae</strong></span> <span class='ocrx_word' id='word_1_513' title='bbox 2195 3273 2295 3318; x_wconf 77' lang='lat' dir='ltr'><strong>aliae</strong></span> 
     </span>
    </p>

    <p class='ocr_par' dir='ltr' id='par_1_18' title="bbox 2151 3343 2291 3406">
     <span class='ocr_line' id='line_1_86' title="bbox 2151 3343 2291 3406; baseline -0.029 -15"><span class='ocrx_word' id='word_1_514' title='bbox 2151 3343 2291 3406; x_wconf 54' lang='lat' dir='ltr'><strong>Figu—</strong></span> 
     </span>
    </p>
   </div>
  </div>
 </body>
</html>
