2425 3747
299 238 329 284 ἰ
346 249 402 281 12

294 305 417 373 galia
450 296 640 368 insignia
677 303 702 348 ὰ
732 295 854 348 Nino
877 297 1019 359 primo
1044 292 1275 341 traduntur

297 380 489 426 inventa
509 405 521 416 .

371 442 462 492 Sed
484 451 652 509 praeter
672 432 956 483 diadematis
976 443 1273 487 ornamenta,

300 510 503 581 Augusti
520 508 826 557 divinitatem
841 500 1037 572 superbe}
1059 497 1275 551 affectan-

295 596 367 633 tes
393 618 409 642 ,
446 580 677 627 radiatam
696 572 978 641 sphaerulam
1003 574 1149 642 capiti
1183 573 1272 620 cir·

297 648 564 701 cundedere
589 683 599 694 .
640 647 894 711 Propterea
919 662 990 693 res
1018 642 1094 691 hic
1110 645 1270 711 exige·

296 741 347 772 re
374 719 568 769 videtur
596 753 611 773 ,
649 728 703 763 ut
731 715 887 781 aliqua
919 715 978 764 de
998 711 1270 778 hujusmodi

297 790 469 847 radiis,
497 786 667 856 quibus
693 787 850 854 capita
870 783 1142 842 Caesarum,
1172 802 1271 830 ma-

296 875 590 933 gnatumque
616 859 663 904 in
704 857 883 904 Statuis
909 852 1167 920 antiquitus
1193 853 1270 901 de-

298 930 584 982 corabantur
599 963 614 985 ,
651 924 810 974 obiter
828 926 1070 973 tradamus
1085 960 1095 970 .
1127 921 1274 971 Porro

295 1003 425 1053 frons
446 995 651 1066 Augusti
674 993 838 1064 paffim
864 995 1045 1044 radiata
1066 994 1276 1042 occurrit

299 1071 426 1143 apud
465 1069 699 1118 GolZIum
737 1068 786 1114 in
822 1063 1027 1134 Augusti
1065 1064 1273 1113 nummis

297 1149 323 1196 ὲ
351 1161 455 1213 pag.
484 1145 559 1190 18.
580 1135 724 1203 usque
751 1136 811 1185 ad
834 1155 914 1184 21.
945 1140 1072 1186 Item
1102 1138 1271 1202 Augu·

295 1215 352 1266 sti
370 1217 586 1262 Statuam
613 1225 726 1255 cum
747 1206 887 1256 radiis
906 1204 1115 1257 frontem
1135 1221 1274 1253 occu-

296 1282 520 1355 pantibus
569 1276 854 1346 insculptam
892 1280 1128 1326 cernimus
1159 1311 1175 1334 ,
1222 1276 1273 1324 &

300 1352 412 1404 cum
431 1352 598 1401 titulo:
622 1349 823 1418 Augufio
837 1348 929 1399 Deo
947 1385 956 1394 .
975 1349 1071 1397 Dio
1091 1342 1272 1396 Cassius

297 1438 491 1479 narrat,
528 1420 706 1477 stellas,
734 1436 834 1485 quae
862 1419 1008 1467 etiam
1035 1416 1094 1465 ad
1118 1414 1272 1463 radios

297 1493 465 1546 referri
488 1487 673 1560 possunt
687 1525 703 1547 ,
729 1490 875 1557 capiti
897 1492 1171 1538 Statuarum
1192 1505 1274 1553 ap·-

298 1564 496 1634 pofitas:
536 1560 660 1608 unde
689 1558 773 1607 lib.
809 1575 884 1619 15.
918 1562 1012 1607 ait:
1050 1558 1277 1626 Augustus

297 1640 501 1688 Statuam
518 1633 668 1683 Patris
686 1647 829 1679 aeream
854 1649 944 1679 cum
971 1631 1104 1679 Hella
1116 1630 1277 1696 fhpra,

300 1712 350 1758 in
379 1707 556 1756 Veneris
575 1701 726 1763 templo
738 1700 881 1765 posuit
897 1733 907 1742 .
940 1700 1077 1745 Idem
1097 1699 1186 1742 hoc
1206 1694 1278 1743 os-

297 1773 456 1825 tendit
471 1807 486 1830 ,
515 1772 564 1822 &
584 1766 771 1817 causam
797 1765 932 1815 addit
953 1767 1206 1816 Svetonius
1230 1766 1280 1812 in

287 1845 415 1918 julii
432 1840 625 1893 Caesaris
646 1840 777 1895 vita,
803 1833 864 1886 fic
884 1836 1115 1887 scribens:
1132 1838 1280 1888 Periit

291 1919 422 1988 sexto
439 1917 494 1965 &¹
512 1910 850 1982 quinquagefimo
872 1914 1010 1958 aetatis
1033 1926 1143 1956 anno
1160 1943 1175 1965 ,
1212 1909 1277 1955 at-

300 2007 380 2057 que
399 1990 447 2034 in
465 1985 654 2034 Deorum
671 1999 886 2029 numerum
904 1980 1062 2029 relatus
1085 1979 1152 2027 efl
1167 2013 1182 2034 ,
1199 1995 1279 2025 non

297 2076 370 2107 ore
394 2054 511 2104 modo
529 2053 845 2101 decernentium
859 2086 874 2108 ,
886 2050 974 2119 fid
988 2052 1042 2099 ἴθ’
1052 2048 1279 2117 perfhafio-

301 2146 355 2176 ne
384 2126 519 2192 vulgi
535 2122 773 2192 3siquidem
787 2127 835 2171 in
850 2121 968 2171 ludis
984 2155 999 2177 ,
1015 2139 1113 2187 quos
1140 2123 1283 2182 primo

297 2198 557 2265 consecratos
592 2197 633 2241 ei
670 2193 796 2242 haeres
828 2190 1058 2260 Augustus
1088 2189 1239 2247 edebag
1263 2224 1280 2246 ,

301 2268 436 2320 Hella
462 2266 623 2312 crinita
649 2278 727 2328 per
741 2264 907 2333 septem
942 2261 1036 2309 dies
1062 2265 1281 2308 continuos

290 2336 427 2408 fitlstc
439 2370 454 2392 ‚
470 2337 669 2383 exoriens
687 2337 799 2382 circa
823 2332 1088 2380 undecimam
1107 2332 1278 2380 horam:

303 2407 513 2457 creditum
539 2405 607 2453 ef}
636 2408 825 2453 animam
861 2403 1130 2472 ffCaefizris
1146 2407 1194 2450 in
1209 2420 1282 2449 cae-

302 2481 391 2528 lum
416 2478 574 2541 recePti
598 2509 613 2531 ‚
650 2480 705 2525 &⁵
738 2477 817 2524 hac
841 2474 894 2521 de
919 2474 1040 2542 causa
1053 2473 1281 2542 stmulacro

304 2554 394 2613 ejus
413 2553 463 2597 in
480 2549 651 2596 ‘vertice
677 2545 855 2593 additur
871 2544 1003 2592 §Zella
1019 2579 1029 2589 .
1059 2541 1175 2590 Pub.
1191 2544 1282 2591 Vi-

308 2618 412 2666 &or
441 2619 490 2664 in
519 2612 711 2665 Colosso
745 2616 880 2663 antea
904 2613 1089 2660 Neroni
1116 2648 1131 2668 ,
1158 2610 1281 2679 post-

303 2686 506 2736 modum
528 2687 626 2734 Soli
648 2683 807 2733 dicato
822 2719 838 2741 ,
857 2683 915 2732 de
934 2700 1028 2749 quo
1049 2683 1277 2748 Plin.cap.

308 2771 390 2819 34.
416 2754 498 2802 lib.
529 2773 575 2813 7.
610 2752 809 2823 septenis
837 2766 978 2821 caput
1011 2756 1108 2814 ejus
1135 2752 1279 2800 radiis

305 2821 559 2875 coruscass'e
585 2824 758 2883 tradit,
782 2841 985 2891 quorum
1006 2820 1176 2890 singuli
1202 2824 1277 2870 vi-

305 2896 429 2965 ginti
448 2893 566 2942 duos
587 2894 722 2960 pedes
737 2931 753 2952 ,
777 2897 825 2945 &
847 2891 981 2943 semis
1000 2895 1048 2940 in
1065 2894 1276 2962 longitu-

308 2967 419 3015 dine
447 2960 748 3032 praestabant.
788 2968 897 3013 Mos
915 2963 996 3012 iste
1022 2962 1165 3012 radiis
1185 2965 1277 3012 cir-

307 3032 629 3085 cumducendi
657 3034 809 3100 capita
830 3032 1156 3099 Augustorum
1174 3070 1189 3090 ,
1217 3050 1275 3080 ex

306 3125 365 3157 eo
390 3117 607 3171 acceptus
636 3104 872 3159 invaluit,
899 3117 953 3148 ut
983 3103 1051 3149 illi
1075 3099 1118 3150 se
1140 3100 1276 3170 supra

307 3177 562 3226 hominum
591 3173 766 3223 sortem
793 3169 965 3240 positos
993 3207 1008 3227 ,
1044 3173 1093 3221 ἃ
1131 3174 1177 3217 in
1207 3173 1275 3217 al-

310 3245 372 3294 bo
397 3249 614 3294 Deorum
642 3242 899 3311 adscriptos
922 3247 1017 3305 jam
1038 3254 1141 3288 tum
1162 3235 1278 3290 effes

701 221 1129 280 VETERA
1203 217 1902 272 MONIMENTA

1329 289 1609 340 ostentantes
1623 326 1639 349 ,
1668 292 1855 359 populis
1873 291 1960 337 hac
1981 291 2217 355 majestate
2239 296 2296 342 ti-

1326 379 1513 409 morem
1530 363 1827 420 incuterent,
1845 358 2076 411 &iisdem
2096 362 2300 413 securius

1328 432 1608 480 illuderent.
1646 434 1777 481 Hinc
1797 432 1920 482 illud
1939 431 2119 480 Lucani
2155 435 2300 485 Pharu

1315 503 1441 572 saliae
1465 500 1548 548 lib.
1568 519 1613 560 7.

1398 571 1670 623 Fulminibus
1697 591 1841 623 manes
1867 610 1883 632 ‚
1918 573 2059 623 radiis
2094 572 2263 623 ornabit
2283 611 2300 635 ‚

1467 645 1523 693 (θ’
1549 644 1686 693 astris
1703 680 1713 690 .

1325 715 1456 764 Hinc
1489 711 1547 761 de
1588 715 1856 761 Domitiani
1892 717 2055 763 Statua
2096 711 2179 761 sub
2218 713 2300 762 dio

1323 780 1535 851 expofita
1564 782 1658 831 haec
1679 786 1854 833 cecinit
1882 787 2056 834 Statius
2085 784 2300 834 Thebaid.

1332 853 1414 902 lib.
1439 874 1478 902 1.

1681 923 1806 974 Licet
1829 925 2079 995 ignipedum
2091 923 2303 991 fraenator‘

1467 1014 1661 1062 equorum

1396 1064 1488 1135 Ipse
1503 1067 1602 1134 fitis
1631 1067 1716 1115 alte
1747 1066 1990 1116 radiantem
2016 1069 2209 1115 crinibus
2231 1082 2299 1115 ar-

1466 1155 1560 1184 cum

1395 1205 1625 1273 Imprimat
1641 1242 1652 1253 .

1396 1278 1497 1325 Has
1518 1278 1763 1327 radiorum
1782 1272 2189 1328 circumferentias
2208 1277 2307 1326 edi-

1325 1345 1463 1406 dicit,
1478 1348 1789 1414 adhibuitque
1807 1346 2071 1398 Christiana
2091 1352 2237 1418 pjetas
2258 1349 2306 1395 in

1327 1415 1605 1468 decorandis
1620 1419 1901 1467 Sanctorum
1919 1418 2206 1487 imaginibus
2220 1456 2235 1477 ,
2253 1431 2308 1465 ut

1328 1487 1659 1555 antiquiffimae
1681 1492 1847 1538 Icones
1867 1489 2216 1538 demonstrant:
2256 1489 2309 1539 &-

1327 1554 1481 1609 forsan
1504 1561 1551 1609 id
1575 1561 1722 1610 etiam
1741 1561 1961 1627 exemplo
1983 1558 2132 1608 Mofis
2150 1555 2305 1608 fecisse

1331 1629 1618 1681 Christiadas
1636 1648 1730 1678 non
1750 1628 1851 1676 abit
1870 1633 1895 1678 a
1913 1628 2178 1678 verisimili.
2198 1632 2308 1676 Mo-

1330 1697 1399 1748 ses
1425 1702 1555 1748 enim
1591 1717 1701 1746 cum
1731 1698 1934 1747 Tabulis
1965 1700 2080 1766 legis
2108 1696 2309 1766 lapideis

1331 1769 1390 1819 de
1410 1783 1573 1818 monte
1602 1765 1888 1818 descendens
1906 1805 1922 1827 ,
1949 1771 2143 1817 vultum
2165 1767 2312 1817 radiis

1331 1837 1653 1888 coruscantem
1667 1876 1684 1898 ‚
1712 1836 2026 1905 affiatumque
2046 1838 2308 1906 splendori-

1334 1909 1418 1958 bus
1444 1912 1468 1959 ὲ
1495 1908 1813 1965 consorti02&
1830 1910 2068 1974 colloquio
2089 1910 2178 1957 Dei
2203 1926 2310 1976 pro-

1333 1981 1476 2037 tulit,
1498 1985 1627 2044 juxta
1649 1979 1771 2026 illud
1789 1979 1943 2027 Exodi
1964 1993 2043 2041 34.
2072 1996 2204 2026 num.
2226 1995 2307 2036 29.

1334 2054 1519 2119 Cumque
1546 2049 1812 2117 descenderet
1833 2048 1983 2116 Moses
2003 2049 2055 2097 de
2072 2065 2211 2096 monte
2227 2049 2304 2097 Si-

1336 2126 1442 2178 nai,
1477 2120 1647 2170 tenebat
1677 2120 1783 2168 duas
1816 2119 2004 2170 Tabulas
2033 2121 2306 2174 testimonii,

1333 2196 1388 2243 (J
1405 2190 1637 2261 ignorabat
1654 2190 1766 2258 quod
1779 2206 1952 2239 cornuta
1969 2189 2064 2257 effic
2069 2187 2214 2259 facies
2225 2192 2309 2257 fita

1334 2283 1390 2311 ex
1417 2264 1624 2331 consortio
1638 2263 1856 2329 sermonis
1880 2261 2068 2309 Domini
2092 2296 2102 2306 .
2145 2259 2309 2311 Viden-

1333 2350 1397 2381 tes
1423 2350 1562 2382 autem
1585 2331 1735 2382 Aaron
1760 2366 1776 2388 ‚
1811 2334 1866 2380 &⁴
1876 2332 1979 2398 filii
1999 2328 2140 2396 Istae!
2159 2349 2307 2378 cornu-

1334 2420 1422 2453 tam
1447 2399 1740 2470 Mosifitciem
1752 2436 1769 2458 ,
1792 2404 2026 2449 timuerunt
2037 2406 2166 2467 prope
2194 2418 2308 2449 acce·

1335 2475 1460 2524 dere.
1499 2476 1664 2538 Itaque
1694 2489 1751 2521 ex
1777 2468 2014 2518 consortio
2036 2505 2051 2526 ,
2089 2471 2306 2536 claraque

1339 2542 1518 2594 visione
1548 2542 1681 2598 Dei,
1717 2539 1810 2607 qud
1847 2544 2104 2589 Beatorum
2141 2543 2310 2588 animae

1332 2611 1673 2684 perfruuntur,
1710 2609 1835 2658 haud
1864 2623 1995 2659 extra
2022 2628 2121 2659 rem
2150 2612 2241 2659 erit
2271 2607 2306 2657 fi

1335 2683 1672 2746 conjiciamus,
1701 2683 1951 2750 primaevos
1985 2681 2140 2729 Patres
2167 2678 2304 2729 sedu-

1335 2756 1403 2803 los
1429 2754 1588 2821 legum
1617 2751 1852 2800 sacrarum
1873 2754 2191 2819 Interpretes‚
2227 2751 2308 2797 has

1335 2823 1579 2873 radiorum
1597 2819 1789 2890 sphaeras
1804 2855 1820 2879 ‚
1837 2822 1988 2871 veluti
2025 2822 2186 2889 gloriae
2218 2838 2301 2867 no·

1334 2909 1430 2943 tam
1452 2929 1467 2951 ‚
1483 2893 1762 2942 Sanc‘torum
1782 2889 2029 2941 Iconismis
2054 2887 2222 2958 aptasse
2241 2926 2252 2935 .

1402 2965 1550 3030 Qlod
1570 2965 1687 3013 vero
1705 2964 1897 3028 antiqua
1916 2960 2179 3011 Christiana
2204 2961 2306 3026 pie-

1331 3047 1398 3081 tas
1430 3035 1710 3082 &mdiorum
1741 3035 1896 3100 capita
1924 3029 2196 3093 hujusmodi
2229 3047 2304 3075 ra-

1330 3102 1568 3153 diantibus
1604 3105 1738 3151 lineis
1777 3100 2001 3171 insignire
2037 3099 2306 3156 studuerit,

1329 3171 1427 3222 five
1450 3175 1500 3222 in
1522 3173 1712 3232 statuis,
1739 3171 1837 3222 five
1870 3175 1917 3220 in
1949 3170 2170 3238 pisturis,
2198 3171 2303 3236 opi—

1332 3257 1507 3293 nantur
1538 3245 1754 3293 nonnulli
1774 3279 1791 3302 ,
1815 3260 1911 3292 non
1934 3258 1992 3290 ex
2017 3258 2074 3291 eo
2101 3254 2303 3291 ortum„

2185 3307 2272 3358 effe
2287 3342 2305 3367 ,

2412 334 2416 368 3
