2425 3747
103 229 264 278 firmat
294 231 540 279 Honorius
577 228 1015 296 Augustodunenfis
1041 265 1057 288 ,

97 301 178 364 qui
205 299 373 349 floruit
390 317 511 346 anno
533 318 550 346 1
567 317 584 344 1
598 313 675 354 30.
710 300 758 348 in
788 296 865 346 sua
881 300 1057 349 Gemma

97 370 270 420 Animae
282 406 298 427 ,
322 368 418 418 five
431 370 499 418 De
511 372 648 435 antiq.
670 373 760 418 ritu
774 368 907 438 Mff
921 369 1001 417 lib.
1014 390 1032 418 1
1044 408 1054 419 .

95 458 285 507 cap-24.
302 440 383 487 ubi
396 439 490 498 haec
513 474 523 483 .
553 437 671 486 Dum
685 439 979 508 Evangelium
993 443 1056 490 le-

90 514 216 577 gitur
239 545 255 567 ,
286 510 422 558 baculi
451 509 504 557 de
533 508 728 558 manibus
764 510 1054 576 deponuntur,

93 581 453 647 quiapraedicante
475 579 724 647 Evangelio
749 582 904 648 legales
919 581 1053 648 obser-

93 654 260 701 vantiae
296 654 322 700 ἁ
348 650 501 715 populo
525 649 859 716 deponebantur;
903 657 1052 718 quippe

90 722 280 786 exlegis
296 732 498 784 praecepto
533 720 700 770 baculos
727 722 952 778 tenebant,
980 728 1053 790 qui

90 790 338 859 Pnfi’halem
357 790 534 859 Agnum
559 792 728 841 edentes
757 792 817 841 ad
821 795 1050 858 patriam-⁴

84 859 573 928 tendebantzsi’cunditm
591 862 700 910 hunc
716 880 867 911 morem
887 864 1046 914 Canto-

84 934 210 981 resin
225 931 356 998 offi'cio
375 930 521 1000 Miffie
540 930 707 981 baculos
724 950 864 982 tenere
880 932 1051 999 noscun-

83 1016 169 1051 tur.
185 1002 246 1048 Et
261 1002 309 1048 in
326 1018 513 1066 cap.74-
525 1004 700 1060 Cantor,
714 1009 787 1070 qui
800 1018 966 1051 cantum
978 1005 1047 1050 in·

84 1071 226 1128 chaat,
245 1072 314 1120 eff
331 1071 517 1129 tubicen,
533 1078 607 1140 qui
609 1073 787 1142 stgnum
802 1073 1051 1138 adpugnam

85 1139 164 1191 dat
185 1161 201 1200 3
227 1140 505 1191 Praecencores
521 1176 537 1199 ,
569 1144 830 1211 quirchorum
854 1146 1052 1211 utrinque

83 1225 271 1279 regunt,
286 1212 396 1278 fiant
415 1214 566 1269 duces,
586 1217 659 1281 qui
691 1217 866 1282 agmina
892 1213 952 1259 ad
971 1228 1051 1278 pu-

79 1297 212 1349 gnam
233 1281 460 1342 instruunt
474 1302 489 1341 3
506 1283 708 1333 Cantorcs
726 1288 868 1350 capita
876 1284 1052 1347 pileolis

82 1348 454 1419 tegunt,baculos,
472 1353 558 1401 vel
577 1352 746 1404 tabulas
770 1350 967 1403 manibus
981 1374 1054 1422 ge-

79 1428 213 1479 rantv,
228 1425 327 1488 quia
337 1425 583 1486 praeliantes
599 1438 721 1490 caput
733 1428 875 1493 galeis
886 1439 1053 1493 tegunt,

87 1496 223 1541 armis
239 1491 409 1542 bellicis
409 1495 463 1562 βε
466 1507 698 1563 protegunt
710 1530 721 1542 .

103 1606 105 1609 ,
149 1562 222 1611 Ex
251 1561 422 1628 quibus
464 1566 672 1614 Honorii
707 1565 823 1615 locis
852 1564 1053 1615 cuilibet

80 1630 276 1680 eruendi
291 1629 483 1682 facultas
497 1632 637 1682 datur
651 1670 667 1692 ,
695 1636 824 1685 illius
841 1653 943 1684 aevo
954 1640 1053 1695 jam

79 1697 279 1769 tepuiffe
302 1701 580 1752 baculorum
597 1701 733 1752 usum
750 1705 801 1755 ὅ(
814 1706 864 1752 in
882 1704 1025 1753 Clero
1037 1738 1054 1762 ,

80 1772 195 1823 &in
209 1772 391 1838 Populo
410 1809 427 1830 ,
453 1770 701 1840 solumque
724 1770 973 1824 constitiffe
1004 1775 1053 1820 in

77 1842 128 1892 in
151 1840 441 1890 Cantoribus
460 1877 476 1898 ,
497 1842 547 1892 &
567 1843 935 1892 Praecentoribus
961 1845 1051 1890 Ec-

77 1906 246 1969 clefiae,
262 1924 404 1978 prout
423 1913 687 1961 etiamnum
709 1913 940 1962 testantur
953 1912 1055 1980 plu·

77 1983 206 2028 rium
235 1978 552 2030 Ecclefiarum
589 1982 957 2033 consuetudines
973 2019 989 2041 ,
1008 1984 1055 2029 in

77 2049 251 2117 quibus
268 2053 453 2100 Cantor
470 2087 487 2109 ,
512 2052 593 2117 qui
613 2051 817 2121 dignitas
845 2051 944 2121 post
957 2056 1055 2102 De-

79 2134 305 2169 canatum
331 2121 380 2168 in
413 2122 643 2189 Capitulo
679 2124 976 2191 appellatur,
1006 2125 1054 2171 in

73 2189 439 2241 solemnioribus
449 2190 665 2242 Eccleliae
679 2192 954 2242 muneribus
973 2193 1054 2242 ba·

11 2284 13 2287 ·
72 2262 184 2311 culo
215 2262 398 2319 utitur,
423 2259 521 2311 five
550 2263 736 2313 incedat
754 2300 769 2321 ,
797 2262 894 2312 five
916 2261 1054 2314 sacris

74 2329 345 2393 ministret3
381 2333 606 2401 vigetque
637 2352 737 2382 mos
769 2333 850 2383 iste
876 2332 1051 2403 ubique

73 2398 172 2451 fer&
194 2403 243 2450 in
261 2400 474 2452 Ecclefiis
504 2404 782 2461 Gallicanis,
812 2406 859 2452 in
881 2402 1051 2470 quibus

75 2475 339 2530 Cantores,
368 2471 620 2541 dignitates
642 2474 903 2531 videlicet,
931 2475 1049 2524 Prae-

73 2540 376 2609 centoresque
393 2577 407 2599 ,
441 2545 474 2593 ii
501 2545 671 2611 nempe
698 2542 933 2602 ministri,
969 2548 1049 2611 qui

74 2613 279 2681 pluviali
310 2614 466 2662 induti
494 2631 577 2681 per
594 2615 813 2673 chorum,
838 2615 954 2663 dum
975 2615 1049 2664 di-

73 2685 191 2732 vina
218 2684 496 2742 recitantur,
523 2702 656 2750 aequo
687 2683 839 2753 greffu
869 2683 1048 2734 discur-

73 2766 188 2801 runt
202 2789 218 2812 ,
238 2754 427 2802 baculos
444 2753 666 2802 manibus
686 2754 894 2822 gestant:
921 2756 1049 2822 quod

76 2825 195 2873 item
224 2825 271 2871 in
294 2821 495 2873 Ecclefia
522 2826 903 2894 Metropolitana
919 2825 1048 2875 Mes-

74 2892 269 2952 sanenfi,
298 2908 352 2942 ut
382 2894 669 2952 audivimus,
696 2896 936 2953 i'ervatur,
962 2897 1047 2946 vbi

75 2969 173 3029 ejus
212 2968 428 3013 Decanus
445 2999 461 3021 ,
502 2965 551 3014 &
582 2969 763 3016 Cantor
802 2968 1050 3036 praecipuis

78 3033 241 3083 diebus
280 3048 479 3083 utuntur
522 3033 698 3087 baculis
728 3056 872 3088 aureo
898 3056 1046 3106 pomo

75 3101 271 3171 superne
303 3102 556 3174 insignitis.
597 3105 737 3158 Idem
770 3110 819 3157 in
839 3108 1047 3159 Ecclesia

77 3172 322 3224 Melitenfi
345 3193 446 3225 mos
475 3176 638 3244 viget,
682 3194 826 3247 prout
857 3182 907 3229 in
948 3182 1055 3231 aliis

1088 164 1134 216 U
1209 162 1254 212 T
1355 159 1409 212 X
1429 163 1479 212 V·
1992 189 2012 217 1
2029 190 2045 218 ι

1111 232 1280 280 Siciliae
1313 229 1557 288 Eccleliis,
1588 244 1640 278 ut
1669 231 1864 280 testatur
1892 189 2090 287 Macru{

1109 304 1157 350 in
1196 298 1276 349 suo
1311 302 1651 350 Hierolexico.
1690 302 1855 351 Hodie
1885 307 2001 351 vero
2033 308 2080 354 hi

1111 372 1266 420 baculi
1287 373 1403 419 nihil
1420 371 1550 420 aliud
1577 374 1721 438 quam
1740 372 1985 442 dignitatis
2018 377 2086 422 in-

1108 439 1255 507 fignia
1286 439 1393 488 sunt
1413 477 1423 488 .

1175 510 1457 577 Antiquitus
1477 524 1638 561 tamen
1667 510 1739 569 (fi
1770 516 2082 576 conjesturari

1105 580 1259 641 licet)
1290 582 1439 627 alium
1466 577 1598 630 fuiffe
1634 581 1913 632 baculorum
1944 584 2085 636 usum

1105 661 1438 708 autumamus,
1468 651 1518 699 ὃ(
1548 650 1729 719 duplici
1758 670 1817 701 ex
1845 655 1979 706 causa
2013 661 2088 708 Fi-

1104 718 1230 768 deles
1255 722 1302 766 in
1332 718 1550 768 Ecclefiis
1573 720 1761 770 baculos
1794 725 2084 777 introduxis—

1104 785 1177 838 se.
1217 788 1396 848 Primo,
1426 786 1534 837 cum
1562 809 1649 859 pro
1682 808 1829 851 certo,
1863 815 1915 843 ac
1947 800 2084 847 indu·

1103 858 1252 907 bitato
1275 857 1517 917 haberent,
1534 864 1777 929 antiquam
1799 865 1975 933 Legem
1994 888 2080 918 no-

1103 947 1173 977 vae
1206 925 1408 997 figuram
1437 928 1670 981 extitisse:
1707 949 2085 1005 proptereaque„²

1103 995 1219 1046 ficut
1247 1005 1295 1047 in
1326 1002 1506 1067 antiqui
1524 1004 1655 1069 Agni
1687 1003 1794 1062 esu,
1821 1011 1954 1067 juxta
1978 1013 2079 1059 Do-

1102 1070 1222 1116 mini
1239 1084 1545 1138 praeceptum,
1564 1072 1757 1121 Hebraei
1778 1076 1968 1127 baculos
1981 1098 2084 1129 ma·-

1102 1156 1167 1185 nu
1183 1137 1444 1205 gerebant3
1469 1142 1532 1188 ita
1560 1143 1705 1189 etiam
1731 1145 1778 1191 in
1806 1163 1931 1194 nova
1954 1150 2083 1219 Lege

1106 1207 1281 1258 Christi
1303 1210 1487 1260 Fideles
1517 1212 1564 1258 in
1600 1211 1680 1260 esu
1707 1216 1821 1261 novi
1844 1219 1994 1286 Agni,
2016 1223 2087 1269 vi.

1106 1279 1278 1329 delicet
1301 1277 1623 1329 Sacratiffimae
1643 1283 1942 1335 Eucharistiae
1963 1324 1979 1346 ,
2014 1289 2090 1337 ba-

1106 1349 1236 1397 culos
1266 1353 1400 1412 juxta
1422 1351 1638 1417 antiquos
1667 1352 1824 1401 Patres
1858 1373 1950 1421 prae
1989 1377 2087 1407 ma·

1107 1418 1244 1467 nibus
1274 1418 1510 1470 habebant
1530 1457 1556 1467 .,
1581 1423 1818 1481 Secundo,
1843 1425 1971 1491 quod
2002 1428 2089 1497 ipsi

1107 1490 1291 1539 Fideles
1322 1491 1370 1538 in
1411 1488 1630 1540 Ecclefiis
1666 1507 1851 1543 orantes
1876 1494 2088 1559 stabant,

1108 1573 1162 1609 vt
1187 1561 1431 1629 colligitur
1459 1580 1517 1610 ex
1535 1565 1742 1614 Can.20.
1764 1567 1972 1615 Concilii
1991 1571 2086 1617 Ni-

1106 1632 1258 1686 caenii,
1278 1649 1329 1677 ac
1350 1631 1556 1681 ostendit
1572 1631 1902 1684 Ecclesiasticae
1920 1638 2088 1693 Histo-

1108 1700 1186 1746 riae
1215 1699 1433 1766 Princeps
1466 1702 1693 1748 Baronius
1719 1703 1777 1751 ad
1807 1722 1985 1754 annum
2006 1714 2086 1769 58.
2115 1767 2118 1771 .

1107 1786 1361 1828 num-109.
1391 1771 1441 1820 &
1470 1769 1529 1819 ad
1557 1788 1734 1820 annum
1760 1789 1876 1835 325.
1912 1795 2086 1840 n.115.

1107 1837 1235 1888 Cum
1257 1853 1420 1888 autem
1448 1838 1582 1890 sacrae
1606 1841 1869 1893 functiones
1901 1847 1950 1892 in
1983 1850 2088 1897 lon·

1104 1926 1219 1976 gum
1238 1910 1654 1975 protraherentur,
1679 1916 1790 1977 quia
1812 1932 1906 1962 non
1930 1914 2085 1968 solum

1108 1983 1291 2025 lacrum
1315 1978 1611 2045 Mysterium
1633 1981 1965 2032 celebrabatur
1985 2007 2087 2044 ,ve-

1107 2047 1214 2097 rum
1261 2050 1408 2098 etiam
1447 2050 1773 2100 recitabantur
1818 2054 2089 2119 Homiliae3

1109 2119 1219 2168 ideo
1240 2119 1440 2178 Fideles,
1453 2119 1714 2187 praesertim
1740 2121 1883 2182 senes,
1910 2127 1978 2173 ita
2006 2127 2086 2177 de·

1106 2186 1442 2258 fatigabantur,
1477 2204 1530 2238 ut
1564 2191 1740 2241 baculis
1766 2194 1811 2241 se
1830 2192 2086 2248 sustentare

1107 2273 1415 2327 cogerentur.
1447 2260 1614 2311 Tertia
1641 2264 1787 2314 etiam
1809 2263 1944 2313 causa
1972 2267 2085 2317 addi

1104 2328 1287 2397 potest,
1314 2334 1484 2400 nempe
1510 2333 1638 2399 quod
1669 2332 1948 2384 baculorum
1978 2336 2085 2388 usus

1105 2402 1273 2450 Crucis
1294 2399 1575 2469 symbolum
1595 2402 1670 2463 fit,
1688 2418 1742 2451 ut
1765 2403 1905 2454 docet
1926 2409 2083 2456 &Au-

1101 2470 1313 2540 gustinus
1337 2472 1551 2523 sermone
1575 2493 1684 2534 107.
1706 2475 1777 2525 De
1803 2476 2083 2542 Temporibus

1102 2544 1226 2591 circa
1239 2542 1455 2591 medium
1473 2566 1488 2605 ;
1505 2546 1554 2595 &
1574 2545 1685 2595 ideo
1701 2545 1886 2595 Fideles
1909 2547 2081 2597 baculo

1104 2616 1153 2661 in
1191 2615 1478 2664 memoriam
1517 2614 1680 2665 nostrae
1712 2617 2083 2685 Redemptionis

1104 2683 1384 2734 utebantur.
1424 2683 1665 2735 Caeterum
1696 2687 2085 2754 pervetustum-2,

1103 2753 1469 2822 obsoletumque
1509 2773 1678 2804 eorum
1707 2755 1845 2804 usum
1875 2758 1944 2807 his
1979 2760 2083 2809 die-

1102 2825 1186 2874 bus
1219 2823 1352 2874 nobis
1380 2823 1583 2874 insinuat
1625 2827 1673 2874 in
1714 2830 2083 2897 quamplurimis

1102 2893 1246 2947 Orbis
1266 2893 1521 2944 Christiani
1539 2894 1755 2946 Ecclefiis
1772 2917 1874 2947 mos
1903 2899 2078 2947 haben-

1101 2967 1148 3015 di
1166 2964 1413 3023 Cui-sores,
1429 2963 1510 3015 seu
1524 2969 1886 3024 Mandatarios(
1903 2967 2075 3035 Hispa-

1098 3039 1146 3085 ni
1161 3038 1432 3104 Pertiqueros
1448 3039 1723 3106 appellant)
1740 3054 1943 3104 quorum
1966 3039 2076 3085 vni·

1099 3126 1211 3156 cum
1243 3125 1416 3156 munus
1442 3105 1508 3157 est
1545 3126 1656 3156 cum
1687 3107 1862 3155 baculis
1890 3104 2077 3155 Proces-

1104 3176 1253 3229 fiones
1267 3214 1283 3236 ,
1310 3179 1359 3228 {Sc
1379 3178 1580 3228 Clerum
1613 3177 1672 3224 ad
1687 3179 1822 3223 Sacra
1846 3176 2076 3225 acceden-

1979 3261 2075 3295 tem
