2425 3747
339 1191 461 1234 1688.

345 2922 468 2980 1690.

482 292 616 324 xxxv

482 366 537 394 ex
572 347 747 413 antiqua
763 342 956 411 ftrmula
976 343 1251 410 quarumdam
1265 343 1607 409 sententiarum,
1636 347 1682 391 in
1697 359 1898 392 marmore
1918 344 2174 410 pervetusto
2207 353 2319 413 regi-

485 416 653 473 strata,
681 419 735 464 &³
752 414 866 462 modo
889 415 1102 482 cffrvata
1120 419 1168 462 in
1187 412 1323 461 nobili
1339 412 1499 481 Musaeo
1516 415 1717 481 Joannis
1733 417 1954 480 Ciampini
1965 447 1977 468 a
1996 419 2044 462 in
2062 409 2196 464 Curia
2211 417 2318 465 Prae-

482 487 566 534 lati
576 488 709 554 supra
725 484 951 532 invidiam
969 485 1323 532 commendatione
1339 483 1580 550 digniſjimi
1591 519 1606 541 ,
1643 485 1741 533 dum
1752 500 1903 550 praeter
1932 503 2092 534 ceteras
2123 503 2169 532 ac
2194 506 2320 551 gene-

483 558 595 624 rosas
611 557 735 603 illius
752 556 888 600 animi
905 553 1048 608 dotes,
1084 557 1132 600 in
1156 559 1244 617 ejus
1265 557 1440 617 propria
1464 554 1582 603 domo
1615 557 1996 620 Amphitheatrum
2014 561 2176 623 aperuit
2192 560 2323 604 omni-

483 625 557 674 bus
579 622 678 692 fere
710 619 998 688 facultatibus
1017 624 1325 693 scientiisque,
1360 625 1575 673 multoties
1603 625 1654 671 ab
1687 627 1783 673 aula
1810 624 1877 673 M
1882 643 2081 692 agnatum
2098 628 2321 674 exulanti-

485 696 559 743 bus
587 715 601 752 ;
635 694 745 740 unde
772 697 890 741 inter
929 693 1166 743 celebriores
1208 696 1333 758 hujus
1353 695 1500 760 saeculi
1527 696 1782 744 Academias
1819 689 1968 743 merito
1998 701 2182 767 censetur
2215 731 2226 742 .
2265 699 2325 744 Et

486 765 533 810 P.
554 761 821 811 Franciscus
841 765 997 812 Vanni
1028 765 1270 813 Societatis
1286 761 1401 832 Jesu
1429 765 1476 808 in
1504 762 1777 814 Praefatione
1807 763 2070 830 investigat.
2092 780 2323 814 moment.

488 830 659 880 talibus
677 834 986 899 Ciampin‘um
1013 833 1166 901 ipsum
1193 835 1473 898 alloquitur:
1511 832 1796 883 Gratulantur
1811 833 1905 902 fibi
1919 834 2115 885 liberales
2127 831 2323 901 faculta-

484 919 574 960 tes,
612 903 722 969 quod
745 919 832 950 tam
843 904 1125 971 splendidum
1144 906 1410 953 domicilium
1437 901 1698 952 obtinuerint
1728 923 1808 951 non
1826 905 1943 952 modo
1976 910 2023 953 in
2054 923 2122 955 tuo
2143 904 2330 971 Mufaeo,

485 990 532 1021 ac
548 972 846 1029 Bibliotheca,
882 977 936 1023 c&
956 979 1003 1021 in
1017 975 1205 1043 singulis
1240 972 1520 1024 conclavibus
1538 973 1727 1023 AEdium
1744 992 1910 1022 tuarum
1924 1014 1937 1034 ,
1973 996 2056 1042 quae
2062 982 2164 1041 jam
2176 981 2334 1040 pretio-

472 1046 529 1113 Ja
554 1043 726 1091 eruditae
747 1048 1022 1111 antiquitatis
1052 1047 1221 1094 cimelia
1241 1081 1255 1101 ,
1275 1047 1329 1093 ὠ·
1357 1043 1596 1109 leHiffimos
1612 1043 1747 1093 libros
1764 1062 1843 1092 non
1872 1050 2068 1111 capiunt3
2091 1047 2179 1115 sed
2192 1084 2206 1106 ,
2228 1046 2337 1113 quod

475 1118 731 1181 praecipuum
744 1149 759 1170 ,
792 1117 846 1163 ὠ·
870 1116 1124 1181 rarisstmum
1145 1116 1211 1165 eff
1227 1151 1241 1171 ,
1269 1118 1316 1162 in
1342 1131 1477 1161 mente
1505 1130 1578 1162 tua
1596 1149 1605 1159 .

637 1183 806 1232 Varios
824 1184 1014 1232 interim
1035 1186 1245 1234 eruditos
1265 1185 1531 1240 Tractatus,
1547 1185 1595 1233 &
1611 1185 1738 1231 varia
1758 1184 1816 1233 de
1836 1183 1971 1232 rebus
1987 1185 2125 1232 variis
2140 1183 2336 1251 opuscu-

487 1255 531 1303 la
560 1251 863 1302 elucubravit
881 1289 896 1310 ,
933 1271 1138 1320 quorum
1159 1254 1276 1301 illud
1297 1255 1505 1321 primum
1526 1255 1744 1301 omnium
1767 1256 2058 1319 comparuit:
2096 1255 2327 1319 Conjec‘iu-

487 1343 539 1372 rae
565 1323 616 1371 de
638 1337 832 1389 perpetuo
861 1325 1123 1388 Azymorum
1152 1326 1223 1392 usu
1256 1329 1300 1372 in
1328 1323 1508 1389 Ecclesta
1542 1323 1702 1372 Latina
1726 1360 1741 1381 ,
1779 1327 1863 1374 ‘vel
1885 1326 2043 1392 saltem
2063 1325 2332 1375 Romana-2:

488 1392 617 1459 quod
650 1395 848 1441 Summo
868 1391 1081 1442 Pontifici
1107 1395 1384 1443 Innocentio
1409 1397 1498 1442 XI.
1538 1393 1859 1442 conlecravit.
1900 1393 2084 1443 Deinde
2118 1396 2235 1442 illud
2255 1412 2332 1440 ac—

489 1461 646 1511 ceffit:
684 1463 877 1512 Examen
900 1463 1028 1512 Libri
1059 1466 1359 1532 Pontificalis,
1384 1463 1493 1531 five
1527 1465 1724 1514 Vitarum
1747 1465 2027 1514 Romanorum
2049 1467 2333 1533 Pontificum,

491 1552 574 1601 quae
601 1531 684 1600 fitb
708 1540 868 1583 nomine
902 1534 1134 1603 Anafiasti
1166 1535 1501 1585 Bibliothecarii
1532 1532 1914 1600 circumferuntur:
1956 1536 2102 1602 Qiod
2132 1532 2332 1601 opuscu-

490 1605 594 1650 lum
615 1604 762 1669 magis
781 1602 1018 1669 magisque
1039 1608 1288 1653 exornavit
1307 1602 1663 1671 superaddendo
1701 1607 1948 1671 Catalogum
1983 1605 2334 1656 Bibliothecario-

492 1691 584 1722 rum
609 1672 773 1722 Sanffae
796 1674 993 1723 Romanae
1020 1674 1235 1741 Ecclcfiae,
1273 1675 1606 1739 chronologico
1635 1676 1799 1721 ordine
1821 1671 2121 1740 dispositum:
2151 1691 2335 1722 necnon

491 1743 724 1808 opellam,
756 1744 830 1789 cui
859 1745 1054 1792 titulus:
1097 1746 1310 1812 Parcrgon
1348 1743 1407 1790 ad
1430 1761 1599 1792 examen
1623 1743 1753 1792 Libri
1768 1746 2041 1812 Pontificalis
2058 1780 2073 1800 ‚
2097 1743 2204 1809 five
2224 1743 2332 1809 Epi-

490 1813 606 1861 :ft‘ola
624 1812 703 1860 Pii
720 1810 786 1858 Π.
819 1812 878 1859 ad
900 1815 1098 1863 Carolum
1132 1812 1239 1865 VII.
1271 1814 1428 1881 Regem
1449 1814 1634 1863 ,Franciae
1650 1852 1663 1873 ‚
1691 1813 1742 1860 ab
1769 1814 1996 1863 Haereticis
2015 1815 2299 1877 depravata„
2319 1852 2335 1875 ‚

490 1884 545 1929 ὠ*
577 1898 600 1927 a
632 1879 879 1945 Launcy'ana
906 1885 1115 1932 calumnia
1140 1884 1375 1932 vindicata
1406 1905 1416 1931 ι
1456 1901 1594 1949 quam
1623 1885 1932 1950 Hieronymo
1965 1885 2215 1933 Cardinali
2239 1887 2330 1933 Ca-

493 1947 647 1997 sanate
679 1949 859 1998 dicavit
879 1985 888 1996 .

636 2016 821 2068 Verum
856 2020 950 2068 haec
981 2058 996 2079 ,
1030 2024 1079 2074 &
1114 2025 1246 2092 plura
1278 2025 1345 2073 his
1375 2022 1572 2081 similia,
1609 2041 1707 2089 quae
1744 2023 2026 2071 nominatim
2057 2025 2100 2070 in
2132 2022 2336 2071 Editoris

493 2085 774 2137 Praefatione
796 2088 1093 2151 indicantur,
1130 2091 1257 2160 quafi
1285 2097 1411 2143 levia
1428 2096 1477 2144 ὃ(
1498 2096 1652 2141 inania
1671 2096 1968 2160 contemptui
1999 2093 2169 2141 habens
2185 2128 2200 2148 ,
2242 2094 2336 2139 ani-

494 2175 573 2205 mo
595 2156 778 2224 semper
796 2158 854 2206 ad
877 2166 1049 2222 majora
1081 2161 1309 2230 aspirante
1327 2200 1341 2222 ,
1378 2166 1569 2232 egregio
1591 2164 1739 2231 Operi
1776 2164 1828 2212 de
1855 2164 2001 2212 Sacris
2023 2163 2286 2232 AEa'ificiis,
2315 2179 2341 2209 a

493 2229 786 2278 Constantino
809 2228 984 2298 Magno
1006 2234 1262 2283 conflrucfiis
1276 2270 1292 2290 ,
1329 2253 1492 2283 manum
1514 2235 1716 2282 admovit
1732 2268 1742 2278 .

635 2299 757 2363 Qis
778 2300 1087 2367 Ciampinum
1111 2317 1247 2351 tantae
1268 2305 1404 2352 molis
1421 2303 1649 2353 struc‘tur'a
1667 2302 1769 2348 satis
1790 2299 2017 2368 superque
2049 2315 2335 2350 oneratum-2

491 2384 586 2414 non
606 2364 902 2416 credidiffet?
939 2372 998 2418 Et
1029 2372 1337 2421 nihilominus
1356 2374 1484 2422 aliud
1502 2373 1681 2440 pondus
1707 2372 1816 2418 totis
1849 2371 2025 2437 ingenii
2060 2369 2236 2420 viribus
2256 2371 2337 2419 ba·

491 2436 740 2497 julandum
766 2473 782 2493 ,
812 2441 904 2486 una
930 2436 1066 2488 fimul
1094 2477 1109 2498 ,
1141 2443 1402 2509 eodemque
1435 2458 1651 2509 tempore
1681 2435 1915 2506 assumpsit
1940 2475 1955 2495 ,
1994 2456 2161 2507 nempe
2203 2439 2338 2509 O'pus

492 2505 545 2553 de
577 2505 796 2556 Veteribus
822 2506 1150 2568 Monimentis,
1170 2530 1327 2559 rerum
1347 2511 1509 2579 copia,
1545 2513 1594 2560 &
1614 2511 1843 2558 varietate
1861 2545 1876 2565 ,
1896 2522 1995 2555 tum
2016 2511 2161 2556 etiam
2184 2512 2340 2559 erudi-

494 2577 652 2631 ῒῘΟΠθ,
683 2576 732 2624 &
759 2576 975 2624 (1ΟᾶῑίΠᾶ
1001 2581 1140 2645 longe
1169 2582 1479 2646 praestantius.
1520 2581 1714 2646 Qippe
1747 2579 1832 2625 hoc
1863 2591 2065 2644 quatuor
2103 2582 2340 2631 constare-2

493 2642 706 2712 partibus
727 2643 920 2703 debuit,
954 2661 1006 2694 ut
1026 2646 1117 2714 ipse
1139 2650 1322 2698 Aucstor
1342 2654 1386 2697 in
1407 2647 1678 2698 Praefatione
1700 2649 1937 2714 pollicitus
1955 2647 2018 2696 est
2036 2685 2051 2706 ,
2081 2647 2193 2698 licet
2208 2669 2338 2699 mor-

493 2728 540 2761 te
561 2711 893 2782 intempestiva
914 2730 1167 2783 praereptus
1200 2718 1312 2767 duas
1346 2719 1528 2766 tantum
1551 2717 1831 2784 perfecerit,
1863 2735 2060 2783 quarum
2092 2722 2221 2787 prior
2253 2723 2339 2768 in..
2400 2736 2410 2751 ¹

494 2782 708 2849 praesenti
732 2784 976 2834 volumine
990 2822 1004 2842 ,
1024 2788 1167 2835 altera
1186 2788 1300 2835 vero
1321 2791 1366 2835 in
1384 2791 1532 2836 altero
1551 2789 1844 2835 continetur.
1885 2787 2062 2836 Tertiae
2085 2804 2243 2839 autem
2259 2828 2275 2850 ,
2291 2793 2342 2842 &

499 2866 675 2917 quartae
695 2853 840 2904 Partis
861 2855 1088 2917 jafturam
1110 2875 1235 2905 nunc
1253 2893 1268 2914 ,
1300 2860 1349 2908 ὃ(
1368 2860 1484 2906 olim
1501 2856 1744 2905 Posteritas
1763 2856 2029 2924 deplorabit
2046 2894 2056 2904 .

643 2923 717 2974 Ut
740 2925 890 2987 prima
908 2925 1013 2973 Pars
1042 2927 1087 2972 in
1108 2925 1340 2993 publicam
1360 2930 1513 2976 lucem
1544 2927 1748 2992 prodiit,
1774 2940 1888 2992 quot
1912 2926 2138 2995 vigebant
2155 2946 2206 2977 ea
2223 2942 2341 2979 tem-

494 2990 669 3059 pestate
693 2992 952 3058 Scriptores
969 2995 1076 3043 huic
1095 2998 1242 3063 Operi
1263 2997 1485 3063 plaudere
1501 3034 1512 3052 ,
1532 2998 1581 3046 ὅ(
1603 2997 1804 3044 summas
1825 2996 1983 3045 laudes
2014 2995 2225 3048 conferre
2244 3018 2339 3047 non

496 3058 762 3121 defierunt3
799 3059 877 3110 sed
897 3066 953 3111 ne
977 3066 1186 3114 Leetoris
1207 3067 1565 3134 longanimitate
1587 3065 1865 3124 abutamur,
1904 3067 1960 3115 de
1984 3065 2191 3134 pluribus
2228 3087 2334 3136 pau-

498 3128 699 3178 ciffimos
718 3127 1000 3181 referemus.
1029 3138 1235 3202 =loannes
1253 3135 1486 3184 Mabillon
1519 3137 1750 3184 Itinerarii
1782 3137 1936 3184 Italici
1958 3150 2073 3203 part.
2104 3156 2144 3184 1.
2177 3137 2235 3187 de
2255 3140 2338 3187 illo

498 3199 593 3247 haec
611 3198 773 3249 habet:
811 3203 893 3252 Ad
916 3201 1204 3272 Illus‘t'riſjimi
1229 3207 1429 3272 ‘'Joannis
1456 3210 1681 3272 Ciampini
1696 3205 1839 3255 AEdes
1861 3205 2047 3273 proficii
2061 3242 2077 3263 ,
2100 3207 2216 3271 Opus
2248 3214 2338 3274 ejus

495 3270 802 3339 curicfiffimum
819 3273 870 3322 de
896 3279 1085 3342 antiquis
1119 3275 1212 3327 Mu
1231 3281 1358 3336 zvis,
1383 3279 1451 3326 cui
1481 3294 1626 3327 manus
1657 3291 1846 3325 extrema
1875 3278 2060 3327 nondum
2101 3279 2337 3347 impofita„

2219 3363 2309 3398 ern!
2322 3382 2339 3404 ,
