2425 3747
275 205 338 245 16
342 201 367 245 8

269 287 344 334 que
359 268 524 333 ῥίψασ-
538 303 552 323 ,
578 271 637 327 ΕΤ
665 267 970 314 ambulationes
1001 264 1060 310 ad
1084 263 1236 331 usum„

259 341 409 405 populi
424 353 524 384 tunc
539 342 641 403 jam
649 337 896 402 publicarat
917 369 927 378 .
968 336 1040 380 De
1067 333 1238 381 eodem

267 404 330 454 fic
365 406 694 456 Cassiodorus:
733 406 823 454 Sed
847 403 997 451 mundi
1021 403 1237 453 Dominus

266 477 327 525 ad
342 482 578 542 potentiam
593 478 720 542 suam
746 489 844 540 opus
871 476 1079 523 extollens
1098 511 1113 531 ,
1152 480 1235 523 mi-

268 549 446 596 randam
470 550 599 594 etiam
621 549 668 592 in
685 543 1124 611 Romanisfizbricam
1146 550 1237 595 itt-2

267 619 432 666 vallem
455 614 675 664 Martiam
701 615 886 664 tetendit
905 616 1131 684 Augusslus
1149 653 1163 673 ‚
1187 633 1235 664 ue

266 687 469 754 immensa
485 688 611 734 moles
624 691 823 756 firmiter
833 686 1061 752 praecinHa
1078 691 1237 735 monti-

265 757 339 805 bus
360 760 593 805 concineret
606 792 622 813 ‚
658 757 734 807 ubi
748 774 995 826 magnarum
1012 776 1150 805 rerum
1168 763 1238 806 in·-

265 827 382 876 dicia
405 827 730 888 clauderentur3
757 828 920 896 bff‘na
937 833 1087 895 quippe
1120 829 1235 877 offla

264 897 323 945 ad
343 896 605 966 XII-signa
619 901 850 967 posuerunt
867 935 877 944 .
918 895 1084 945 Strabo
1116 899 1235 946 item

264 967 377 1028 lib.5
389 1003 398 1014 .
412 970 818 1019 Commemoratione
829 1004 844 1025 ‚
867 968 1046 1033 inquit,
1059 968 1232 1036 dignif-

652 193 1080 249 VETERA
1152 191 1852 247 MONIMENTA

1290 261 1594 314 Mausoleum
1614 264 1810 313 videtur
1830 259 2076 331 respexifle
2111 268 2270 336 Virgia·

1291 336 1379 382 lius
1397 371 1413 391 ,
1450 331 1561 382 curn
1589 335 1648 383 de
1678 335 1901 383 Marcelli
1925 336 2066 382 nimis
2100 338 2268 386 acerbo

1290 403 1458 453 funere
1477 406 1676 453 cecinit:

1357 475 1563 550 Qantos
1581 477 1657 524 ille
1675 480 1830 526 ‘virum
1851 494 2047 545 magnam
2067 480 2267 531 Mavor-

1429 549 1490 593 tis
1516 545 1577 592 ad
1589 545 1735 595 urbem

1358 619 1543 681 Campus
1560 632 1656 682 aget
1669 624 1885 683 gemitus:
1918 622 2004 669 vel
2014 638 2098 688 quae
2116 619 2261 681 Tybe-

1426 692 1522 734 rinc
1549 687 1732 735 videbis

1361 757 1527 806 Funera
1545 792 1560 812 ,
1592 761 1684 805 cum
1710 759 1918 807 tumulum
1931 758 2273 824 praeterlabersp

1431 843 1643 878 recentem
1662 828 1675 876 3

1290 899 1417 964 Qia
1441 900 1491 949 &
1511 898 1569 947 de
1589 898 1672 946 illo
1691 900 1901 965 loquitur
1922 899 2203 967 Xiphilinus
2225 901 2273 945 in

1289 966 1542 1017 Hadriano
1569 967 1640 1015 his
1670 970 1859 1017 verbis:
1896 970 2097 1036 Sepultus
2119 972 2186 1020 eff
2219 969 2277 1017 ad

248 1036 409 1105 fimum
424 1038 492 1088 ef}
507 1074 523 1097 ,
550 1040 661 1106 quod
688 1038 961 1108 Mausoleum
989 1041 1235 1103 appellant,
1274 1037 1440 1105 flumen
1448 1045 1593 1105 juxta
1604 1052 1780 1104 pontem
1803 1038 1980 1089 AElium
1994 1076 2010 1097 ,
2047 1041 2122 1090 ubi
2139 1043 2277 1088 moni-

263 1112 311 1155 in
334 1107 508 1176 excelsts
509 1106 749 1177 fundatum
765 1107 945 1158 molibus
960 1145 975 1166 ‚
1003 1110 1146 1175 lapide
1166 1114 1232 1156 ni-

260 1198 348 1228 veo
365 1214 382 1236 ,
413 1183 468 1228 Θ
485 1193 690 1246 perpetua
721 1180 985 1229 ‘viriditatis
1015 1178 1234 1228 arboribus

1288 1128 1475 1159 mentum
1497 1109 1694 1177 ficerat:
1740 1128 1839 1158 nam
1863 1110 2063 1179 Augussli
2091 1111 2277 1177 Mauso-

1287 1181 1396 1228 leum
1424 1183 1595 1243 plenum
1623 1197 1713 1228 erat
1728 1216 1744 1237 ‚
1775 1187 1824 1230 in
1850 1201 1925 1247 quo
1944 1201 2059 1229 nemo
2081 1182 2270 1248 amplius

262 1263 509 1314 coopertum,
524 1254 572 1298 in
576 1252 793 1318 summum
811 1252 936 1319 usque
953 1257 1166 1300 verticem
1181 1251 1241 1298 ad
1277 1251 1471 1318 sepultus
1492 1254 1560 1300 εἶτ’
1578 1287 1588 1296 .
1633 1250 1779 1317 Qod
1805 1252 1920 1318 pen&
1949 1250 2275 1299 adamuffim„

250 1320 456 1388 fluminis
482 1325 620 1386 ripam
647 1337 948 1390 exaggeratum
964 1357 973 1366 .
1005 1320 1061 1369 In
1068 1322 1237 1387 summo

263 1406 402 1439 autem
409 1389 590 1457 ptfitum
618 1392 685 1441 ess}
704 1394 742 1442 C
745 1393 884 1459 aesaris
900 1391 1237 1459 Augus'listmu-

261 1463 422 1511 lacrum
442 1480 496 1508 ex
510 1481 584 1510 aere
584 1460 854 1528 fabricatum
868 1483 879 1510 :
883 1462 966 1530 sub
985 1480 1134 1531 aggere
1149 1463 1238 1529 ipso

248 1533 360 1601 fient
376 1537 467 1596 ejus
485 1532 612 1581 loculi
627 1569 642 1590 ‚
679 1538 734 1583 <J
751 1548 1022 1600 cognatorum
1038 1568 1053 1589 ,
1089 1535 1144 1583 <²³9⁶
1162 1553 1236 1581 ne-

259 1601 525 1668 ceffizriorum
544 1623 555 1650 :
584 1608 609 1653 a
625 1619 742 1671 tergo
761 1610 868 1652 ‘vero
886 1604 1003 1651 lucus
1019 1603 1087 1652 ess?
1111 1609 1239 1653 miri-

246 1675 342 1740 fica
367 1674 591 1718 continens
615 1673 886 1719 ambulacra:
925 1677 975 1718 in
1000 1673 1138 1718 medio
1159 1691 1236 1720 au-

258 1757 343 1790 tem
356 1743 496 1804 campi
500 1741 648 1806 spacio
655 1741 732 1808 siti
748 1740 871 1790 bufZi
888 1755 1012 1788 extat
1025 1740 1213 1790 ambitus
1224 1778 1240 1798 ,

258 1813 314 1860 &⁴
342 1812 414 1859 hic
441 1811 528 1877 ipse
547 1815 680 1861 niveo
708 1807 923 1878 perfi‘c‘lus
942 1811 1116 1875 lapide,
1137 1810 1237 1879 fer-

258 1899 350 1929 reos
369 1886 416 1929 in
434 1885 617 1930 circuitu
633 1884 836 1930 cancellos
851 1880 1010 1928 habens
1021 1916 1037 1937 ,
1054 1885 1108 1930 ὼ·
1116 1885 1241 1945 plan-

259 1966 376 1999 tatas
393 1949 855 2019 interiusprefiferens
868 1953 1042 2016 populos
1061 1986 1070 1996 .
1096 1953 1240 2000 Extat

259 2022 409 2068 etiam
432 2039 556 2068 nunc
578 2024 778 2069 interior
808 2038 972 2068 murus
999 2018 1240 2069 orbicula-

261 2090 324 2137 ris
342 2091 594 2140 reticulato
613 2109 756 2158 opere
769 2127 785 2148 ,
812 2089 922 2140 cum
939 2104 1099 2138 tamen
1120 2093 1240 2138 olim

261 2162 350 2216 (ut
364 2159 559 2208 videtur
580 2172 601 2223 )
638 2175 730 2210 tres
753 2158 933 2209 fuerint
960 2161 1086 2207 muri
1113 2161 1242 2209 invi-

260 2246 368 2278 cem
384 2228 632 2288 distantes,
647 2248 855 2297 quorum
872 2231 1125 2278 intervalla
1145 2249 1244 2281 rur-

260 2298 332 2347 sus
370 2297 529 2366 spatiis
560 2299 847 2367 quibusdam
884 2298 1239 2368 distingueban-

261 2383 365 2426 tur,
382 2383 436 2417 ut
454 2371 602 2419 loculi
619 2372 777 2439 plures
798 2368 1123 2429 efficerentur,
1142 2373 1241 2439 qui-

261 2438 346 2487 bus
378 2437 590 2488 seorsum
628 2442 772 2490 condi
809 2438 985 2509 singuli
1022 2438 1201 2509 possent
1228 2479 1239 2491 .

260 2510 352 2558 His
370 2509 493 2559 adde
514 2512 828 2568 Marlianum‚
844 2513 926 2578 qui
945 2512 993 2557 in
1012 2511 1091 2560 sua
1103 2512 1240 2574 Topo-

254 2581 441 2649 graphia
456 2581 577 2632 urbis
594 2583 741 2634 Roma
753 2579 835 2628 lib.
855 2598 899 2642 ς.
919 2598 1018 2648 cap.
1037 2600 1082 2641 7.
1105 2575 1241 2633 Mau-

247 2651 438 2720 solcum,
463 2653 643 2720 inquit,
661 2658 711 2702 in
728 2651 873 2702 eadem
889 2654 1013 2702 valle
1033 2652 1240 2709 (scilicet

262 2721 311 2766 in
327 2721 513 2789 Campo
532 2724 750 2786 Martio)
777 2727 973 2791 interque
988 2728 1117 2774 ‘viam
1137 2725 1239 2774 Pla-

261 2793 471 2847 miniam,
499 2795 555 2841 ἐπ’
578 2799 716 2857 ripam
743 2792 933 2861 Tyberis
955 2829 971 2851 ,
1007 2798 1136 2843 tertio
1157 2797 1239 2863 fito

260 2862 493 2930 Consulatu
500 2862 644 2927 posuit
659 2865 886 2931 Augustus
897 2900 912 2922 ‚
935 2867 1164 2932 ‘voluitque
1188 2882 1238 2914 uc

263 2949 347 2978 non
379 2931 496 2980 modo
509 2932 635 2998 suum
650 2968 665 2990 ‚
684 2934 771 3000 sed
784 2940 971 2984 omnium
1002 2934 1236 3002 Imperato-

260 3018 354 3052 rum
367 3037 382 3059 ,
405 3005 459 3051 (5
477 3003 763 3069 cognatorum
785 3005 881 3070 effic
886 3006 1158 3072 sepulchrum
1174 3042 1184 3051 ·

333 3072 432 3122 Hic
455 3072 584 3119 locus
609 3074 657 3119 in
674 3071 866 3121 laudem
884 3073 1087 3141 Augusti
1103 3115 1118 3136 ,
1148 3077 1236 3122 Pa-

262 3144 355 3199 cis,
388 3160 440 3188 ac
465 3143 692 3192 Vi&oriae
707 3178 724 3200 ,
750 3143 800 3192 ὃ(
817 3143 965 3191 Patris
980 3145 1143 3191 Patriae
1170 3147 1235 3192 in-

261 3210 568 3280 scriptionem
586 3208 791 3262 habuiffe
812 3211 989 3262 dicitur
1004 3249 1014 3261 .
1049 3213 1130 3264 Ad
1146 3214 1234 3263 hoc

1293 1320 1541 1371 confirmat
1558 1321 1654 1368 Dio
1671 1322 1718 1367 in
1739 1322 2005 1372 Hadriano:
2023 1322 2142 1389 ‘Jam
2160 1326 2279 1370 enim

1292 1392 1445 1459 (inqui
1453 1401 1495 1454 t)
1507 1391 1707 1459 Augusti
1730 1409 2043 1443 monumentum
2066 1396 2275 1459 repletum

1292 1479 1410 1519 erat,
1438 1481 1509 1509 nec
1526 1463 1746 1530 quisquam
1763 1466 1947 1530 amplius
1971 1467 2020 1510 in
2038 1483 2080 1511 eo
2094 1465 2280 1531 sepelied

1291 1532 1442 1582 batur.
1485 1535 1642 1594 Hujus
1661 1533 1898 1583 Mausolei
1919 1536 2166 1601 exemplar
2194 1534 2294 1579 har

1293 1601 1372 1651 bes
1392 1605 1441 1649 in
1459 1601 1580 1649 Tab.
1600 1603 1706 1651 XL.
1725 1606 1826 1671 Fig.
1848 1624 1911 1662 115
2287 1602 2290 1604 ’

1366 1672 1581 1719 Alterius
1607 1670 1843 1723 Mausolei
1878 1675 2162 1723 memoriam
2184 1673 2280 1724 in-s.

1296 1739 1434 1793 Urbe
1458 1738 1590 1789 nobis
1610 1741 1805 1792 exhibet
1832 1744 2004 1793 Paulus
2032 1746 2280 1793 Diaconus

1294 1809 1376 1859 lib.
1399 1830 1473 1874 14.
1490 1809 1720 1878 supplem.
1741 1814 1800 1863 ad
1819 1817 2017 1882 Eutrop.
2036 1814 2118 1863 ubi
2139 1817 2290 1882 agens'

1293 1882 1353 1931 de
1376 1894 1529 1929 morte
1549 1884 1761 1929 Honorii
1777 1917 1794 1939 ‚
1821 1886 1929 1935 Vita
1945 1897 2166 1945 exemptus
2181 1883 2285 1940 εέῖς

1293 1952 1451 2016 inquit
1472 1986 1488 2007 ,
1526 1952 1749 2019 corpusque
1779 1956 1871 2016 ejus
1882 1958 2028 2017 juxta
2061 1952 2118 2002 B.
2149 1952 2282 2000 Petri

1293 2022 1495 2089 Apostoli
1509 2025 1666 2069 atrium
1682 2026 1732 2069 in
1745 2020 1966 2089 Mausoleo
1967 2017 2187 2088 sepultum
2201 2022 2282 2090 esi·-

1365 2090 1518 2139 Aliud
1548 2093 1770 2158 praeterea
1791 2091 2100 2140 Mausoleum
2130 2096 2279 2154 maje-

1294 2160 1408 2210 state
1428 2161 1478 2210 ἃ
1496 2161 1651 2229 pretio
1670 2158 1929 2228 speRabile
1947 2197 1964 2219 ‚
1986 2159 2280 2227 praeclariffi-

1292 2248 1541 2296 mumque,
1556 2231 1684 2297 quod
1705 2228 1876 2281 affueta
1895 2230 2129 2301 prodigiis
2147 2229 2279 2284 Urbs

1292 2299 1391 2369 ipsa
1417 2302 1651 2349 admirata
1680 2301 1772 2359 est,
1797 2299 1893 2349 fuit
1921 2301 2043 2350 illud
2070 2300 2277 2348 Hadria-

1292 2374 1343 2419 ni
1371 2372 1714 2439 Imperatoris,
1753 2373 1779 2419 ὲ
1805 2372 2036 2439 Procopio
2074 2369 2133 2419 cle
2166 2371 2274 2419 Bel-

1294 2442 1342 2491 lo
1362 2443 1572 2490 Gothico
1601 2441 1928 2509 pereleganter
1953 2439 2279 2508 descriptum²

1293 2530 1438 2579 quem
1455 2511 1584 2561 adire
1607 2527 1761 2578 operae
1780 2514 1992 2580 pretium
2009 2510 2102 2568 est,
2120 2524 2174 2558 ut
2190 2510 2275 2558 sci-

1293 2580 1475 2632 tiffimae
1494 2584 1543 2631 δε
1563 2579 1939 2648 praestantiffimae
1955 2581 2194 2630 strusturae
2212 2582 2276 2630 le·⁴

1292 2654 1539 2701 nocinium
1558 2665 1801 2719 utcunque
1822 2654 2057 2719 concipias
2072 2687 2082 2698 .
2110 2653 2287 2714 Hujus‘

1293 2723 1531 2772 Mausolei
1561 2720 1799 2789 specimen
1827 2725 1875 2772 in
1896 2726 2064 2771 eadem
2082 2719 2272 2770 Tabula

1290 2795 1393 2861 Fig.
1412 2808 1455 2851 3.
1476 2792 1759 2841 exhibetur.

1381 2864 1604 2931 Inclytus
1635 2864 1794 2929 itaque
1826 2866 2157 2913 Romanorum
2186 2876 2273 2928 ges

1290 2934 1392 2982 nius
1408 2930 1542 2982 sicuti
1553 2930 1912 2983 Mausoleorum
1925 2935 2268 3003 AEgyptiorum

1287 3002 1414 3053 haud
1452 3006 1602 3071 impar
1639 3004 1885 3053 aemulator
1919 3003 2069 3054 evafit
2095 3040 2111 3061 ‚
2159 3004 2272 3049 ita..

1289 3075 1628 3143 AEgyptiacum
1645 3091 1829 3123 morem
1855 3077 1904 3123 in
1922 3071 2269 3144 Pyramidibus

1287 3143 1558 3192 attollendis
1589 3146 1812 3192 certatim
1844 3144 2021 3194 studu'it
2053 3144 2231 3191 imitari
2256 3176 2269 3188 .

1290 3217 1401 3266 Duo
1428 3212 1562 3264 nobis
1593 3212 1668 3262 hic
1693 3212 1950 3284 suppetunt
1974 3213 2266 3284 alleganda-22

2161 3301 2262 3332 mo-
