2425 3747
718 219 1223 273 CAPUT
1324 215 1516 270 XVII.

119 297 169 342 in
189 291 310 343 Urbe
326 290 492 342 Rama?
529 287 754 337 Clemens
774 290 908 356 plura
924 286 1094 337 consti·

119 363 213 409 tuit
241 363 287 408 in
305 363 520 417 cultum,
557 357 868 424 decoremque
887 359 1093 424 templo-

118 449 225 479 rum
244 467 255 477 .
290 433 545 479 Anacletus
560 430 858 475 Memoriam.
876 431 935 475 D.
950 429 1093 487 Petri,

115 505 144 550 ὲ
161 519 252 568 quo
275 499 610 566 Presbyteratu
626 494 782 546 fuerat
814 495 1063 566 insignitus
1078 529 1094 557 ‚

113 572 165 618 in
198 588 254 618 eo
287 568 471 638 prorsus
493 567 617 626 Ιοεῐ,
642 566 723 615 ubi
751 571 897 617 Cruci
927 566 1094 617 affixus

113 637 270 688 fuerat
297 639 527 688 excitavit
544 673 559 695 ,
598 637 788 701 adjeRis
807 638 865 686 ad
895 639 1092 686 human-

2036 239 2055 268 1
2104 241 2123 269 1

1218 288 1428 337 Accedit
1454 286 1512 335 ad
1531 305 1583 335 ea
1599 321 1615 344 ,
1652 304 1752 352 quae
1782 287 1870 332 huc
1890 284 2033 351 usque
2056 241 2128 337 csi-

1147 360 1303 406 ximus
1327 395 1342 415 ,
1380 355 1696 406 confirmanda
1728 353 1917 403 Eusebii
1962 355 2044 403 lib.
2081 365 2127 408 8.

1146 428 1271 478 Hifi.
1294 429 1406 478 Eccl.
1425 445 1525 494 cap.
1547 447 1586 475 1.
1610 424 1802 473 summae
1819 427 1936 473 lucis
1954 461 1971 482 ,
2009 445 2059 473 ac
2073 426 2126 473 fi-

1146 499 1225 546 dei
1246 498 1570 546 testimonium
1599 532 1609 542 .
1651 497 1770 564 ‘Jam
1800 501 1910 547 verz>
1938 496 2130 561 (inquit

1149 569 1227 615 ille
1251 577 1272 629 )
1308 572 1401 634 quis
1428 567 1780 617 innumerabilem
1798 568 2015 615 hominum
2029 586 2127 634 quo-

1145 637 1256 685 tidie
1283 639 1342 686 ad
1372 637 1520 686 Fidem
1549 640 1724 689 Chrift'i
1758 634 2128 705 confitgientium...

111 708 200 758 dos
218 707 301 756 fibi
321 706 594 758 succeffores
613 708 867 777 Episcopos
883 710 1092 757 tumulis·-
1142 707 1315 755 turbam
1333 742 1348 763 ,
1385 711 1480 773 quis
1502 727 1715 756 numerum
1732 708 2012 774 Ecclefiarum
2038 714 2128 760 ina,

117 781 251 827 Num
283 778 575 828 cadaverum
614 780 782 828 honori
820 777 1092 836 consulens,
1129 776 1325 845 singulis
1353 776 1552 830 Urbibus
1572 812 1587 835 ‚
1625 782 1719 845 quis
1743 778 1939 828 illuft'res
1952 782 2129 844 populo-

113 845 342 967 &desim
363 885 379 908 ,
418 851 509 899 Dei
525 851 788 919 peculiares
802 848 966 899 domos
980 884 996 907 ,
1015 866 1092 898 ne-

114 920 242 987 glexi
264 930 363 967 et?

1141 867 1235 896 rum
1251 849 1469 917 concursus
1487 851 1534 895 in
1554 847 1754 898 AEdibus
1771 851 1919 899 Sacris
1931 882 1947 905 ,
1983 868 2127 898 cumu-

1141 919 1228 968 ‘late
1248 919 1368 985 poffit
1385 916 1619 985 desiribere
1640 929 1654 965 ?
1693 937 1770 986 quo
1774 917 1946 988 fabium
1963 920 2032 968 eft'
2048 955 2064 976 ,
2081 936 2129 967 ut

216 988 454 1039 Evaristus
481 1024 496 1046 ,
532 990 612 1056 qui
644 1004 859 1058 tempore
895 988 1090 1051 Trajani
1137 989 1295 1056 priscis
1312 989 1506 1055 :edificiis
1517 994 1619 1054 jam
1633 1008 1716 1036 non
1739 992 1928 1037 contenti
1943 989 2127 1056 ,infin-

111 1060 313 1127 Martyr
331 1057 582 1117 occubuit,
621 1061 813 1109 Titulos
832 1063 994 1107 Roma?
1015 1059 1088 1107 di-
1138 1062 1256 1127 gulis
1286 1058 1481 1110 Urbibus
1501 1060 1714 1127 spatiosas
1758 1058 1808 1106 ab
1843 1057 1943 1126 ἐμβα
1959 1057 2129 1126 sunda-

110 1126 226 1176 vifit
243 1164 259 1186 ,
295 1127 474 1196 singula
493 1127 671 1180 scilicet
685 1130 876 1198 fingulis
891 1126 1090 1196 Presby-
1143 1133 1302 1179 mentis
1322 1146 1567 1178 extruerent
1594 1128 1799 1197 Ecclefias
1813 1164 1823 1173 .
1863 1125 1997 1174 Nuin
2017 1146 2127 1195 cry⁵

111 1201 224 1247 teris
242 1200 345 1248 loca
364 1201 531 1248 divino
552 1201 704 1248 cultui
726 1198 942 1247 dedicata
961 1234 972 1244 .
995 1198 1089 1246 Sub

111 1269 285 1317 eodem
310 1267 536 1317 pontifice
555 1266 782 1318 Ecclefias
812 1266 1085 1315 consecran-

112 1338 163 1385 di
185 1355 287 1386 mos
304 1338 509 1386 invaluit
527 1359 539 1387 ε
576 1341 793 1390 Decrevit
810 1341 922 1386 enim
939 1340 1025 1393 (ut
1041 1340 1087 1385 in

111 1408 267 1475 primo
293 1408 630 1458 Concili‘orum
647 1423 779 1458 tomo
809 1409 974 1457 videre
1001 1408 1088 1472 est)

108 1496 250 1527 omnes
268 1478 476 1545 Bafilicas
500 1499 592 1528 cum
609 1479 751 1549 Mfft
763 1482 929 1548 semper
948 1477 1094 1529 debere

108 1550 502 1616 consecraraflinc
520 1549 583 1598 est
597 1569 691 1599 non
709 1551 972 1599 Memorias
988 1567 1094 1598 mo·

109 1617 175 1666 do
197 1653 212 1675 ,
250 1616 337 1667 sed-
354 1618 575 1677 Titulos,
614 1623 664 1671 ὃς
692 1617 907 1669 Basilicas
929 1654 944 1677 ‚
992 1638 1091 1667 am-

110 1688 264 1755 pliora
280 1686 510 1737 videlicet
527 1688 721 1738 aedificia
735 1725 751 1746 ,
788 1690 846 1738 ad
865 1693 1001 1738 Sacra
1025 1687 1090 1738 fa-

112 1756 281 1806 cienda
302 1756 579 1807 Christianis
603 1755 769 1808 stetisse
793 1793 804 1805 .

162 1868 165 1869 ⁷
200 1825 441 1874 Caeterum
470 1824 548 1875 sex
579 1827 715 1896 supra
741 1827 1091 1896 quadraginta-2

112 1893 422 1963 Presbyteros
439 1895 644 1944 totidem
659 1914 859 1945 numero
875 1896 1093 1945 Ecclefiis

109 1967 277 2016 Ro-mae
301 1963 527 2032 praefuiffe
554 2001 569 2023 ,
606 1967 854 2029 conjicitur
879 1982 935 2013 ex
964 1966 1089 2014 Hist.

110 2032 282 2083 Euseb.
297 2031 432 2083 libe.
448 2051 634 2102 cap-43·
653 2038 732 2103 qui
747 2036 962 2086 Cornelii
979 2037 1089 2104 Epi-

109 2104 280 2153 stolam
303 2100 447 2153 refert
464 2106 521 2156 ad
546 2104 745 2154 Fabium
764 2104 977 2170 Ecclesiae
992 2111 1093 2155 An-

109 2175 340 2223 tiochenae
357 2173 599 2225 Praefidem
616 2211 631 2233 ,
670 2194 807 2243 quam
834 2174 1092 2244 Epistolam

110 2244 377 2312 expendens
396 2242 611 2295 Valesius
628 2282 643 2304 ,
679 2250 802 2299 Certe
819 2279 834 2303 ,
873 2247 940 2292 ait
955 2281 970 2302 ,
1004 2248 1094 2312 Op-

108 2330 225 2364 tatus
240 2320 288 2364 in
307 2313 386 2364 lib.
408 2333 453 2363 2.
475 2318 619 2368 Romae
634 2318 920 2385 quadraginta
937 2319 991 2366 (T
1004 2334 1095 2365 am-

101 2388 221 2451 plius
225 2383 363 2453 fh‘ffi'
379 2387 566 2437 testatur
583 2387 622 2437 B
627 2388 795 2455 astlicas
815 2386 897 2454 fitb
913 2402 1096 2453 tempora

104 2456 412 2523 persecutionis
426 2457 719 2507 Diocletiani.
738 2459 844 2509 Non
861 2462 976 2505 enim
992 2461 1096 2513 (in-

109 2530 240 2594 quit)
273 2545 416 2594 grex,
441 2545 522 2578 aut
531 2532 708 2593 populus
734 2530 978 2594 appellandi
989 2527 1092 2598 fue-

109 2613 211 2646 rant
227 2600 385 2662 pauci,
403 2601 405 2603 ’
424 2602 500 2664 qui⁴
527 2602 641 2646 inter
671 2603 958 2668 quadraginta
976 2635 991 2655 ‚
1040 2604 1095 2650 (5

109 2667 223 2737 quod
240 2671 432 2716 excurrit
456 2703 472 2724 ,
509 2667 719 2735 Basilicas
738 2705 754 2727 ‚
788 2673 922 2720 locum
956 2670 1029 2719 ubi
1044 2672 1095 2740 se

110 2739 360 2806 colligerent
385 2756 467 2786 non
489 2738 703 2790 habebant
732 2775 743 2786 .
792 2741 911 2789 Haec
946 2742 1094 2790 Vale-

1143 1213 1243 1267 ptas
1261 1234 1277 1255 ,
1315 1218 1366 1246 ac
1385 1196 1623 1267 speluncas
1641 1233 1658 1254 ,
1690 1200 1872 1263 aliaque
1893 1194 2128 1246 subterraa

1142 1287 1228 1317 nea
1243 1269 1345 1316 loca
1365 1286 1449 1336 pro
1468 1264 1626 1336 priscis
1654 1265 1862 1316 aedificiis
1880 1262 1986 1314 sunt
2004 1269 2128 1315 acci-

1144 1337 1348 1407 pienda?
1386 1340 1464 1386 vel
1499 1334 1657 1404 potius
1676 1355 1760 1404 pro
1779 1337 1884 1384 altis
1910 1371 1927 1393 ,
1963 1337 2013 1385 &
2032 1333 2131 1384 solo

1145 1405 1442 1456 extantibus?
1477 1405 1745 1473 Qomodc')
1778 1418 1938 1454 autem
1962 1406 2130 1453 Lucia-

1146 1496 1230 1527 nus
1268 1480 1386 1545 (qui
1408 1479 1534 1526 vixit
1552 1478 1675 1525 circa
1706 1475 1922 1525 medium
1937 1472 2129 1524 secundi

1145 1547 1338 1610 saeculi)
1374 1546 1650 1598 Christianae
1681 1546 1948 1615 Religionis
1973 1543 2129 1594 deser·

1145 1633 1221 1668 tor
1238 1636 1290 1666 ac
1309 1615 1547 1685 transfuga
1560 1653 1576 1675 ‚
1612 1617 1657 1667 se
1678 1635 1762 1685 per
1782 1617 1925 1665 scalas
1942 1616 1989 1662 in
2004 1619 2130 1666 Ora·

1144 1689 1266 1736 toria
1279 1688 1605 1735 Christiadum
1620 1685 1866 1735 ascendisse
1884 1685 2132 1735 fateretur?

1145 1754 1305 1823 ipsum
1342 1756 1387 1802 in
1405 1756 1675 1822 Philopatre
1709 1756 1804 1802 haec
1835 1769 2135 1804 enarrantem

1145 1824 1290 1876 libeat
1306 1823 1494 1873 audire:
1521 1825 1896 1893 Pertranfivimus
1928 1825 2131 1890 (inquit)

1133 1895 1300 1964 ferreas
1312 1909 1462 1959 portas
1480 1930 1497 1950 ,
1532 1901 1586 1945 &⁴
1602 1914 1706 1944 aerea
1735 1898 1892 1945 limina
1906 1930 1922 1952 ,
1960 1897 2129 1962 multif-

1143 1986 1220 2034 que
1226 1967 1446 2033 stiperatis
1452 1966 1590 2032 scalis
1605 2001 1620 2022 ,
1656 1971 1704 2014 in
1719 1966 1885 2015 domum
1903 1981 2049 2012 aurato
2049 1964 2130 2032 sa·

1145 2038 1282 2104 §ligio
1299 2034 1505 2102 instgnem
1522 2036 1783 2104 ascendimus
1798 2071 1815 2095 ‚
1852 2037 2014 2104 qualem
2039 2035 2130 2084 Ho-

1147 2126 1282 2155 merus
1295 2104 1494 2155 Menelai
1496 2109 1640 2174 fingit
1654 2107 1759 2175 ff5
1789 2123 1912 2176 atque
1928 2107 2014 2173 ips}¹
2033 2110 2128 2172 qui-

1150 2180 1244 2228 dem
1262 2180 1404 2225 omnia
1422 2177 1502 2225 illa
1518 2177 1829 2242 contemplabar
1846 2213 1861 2234 ,
1897 2196 1981 2244 quae
2010 2176 2127 2241 insist

1155 2251 1263 2297 laris
1281 2247 1357 2297 ille
1378 2247 1616 2314 adolescens
1632 2282 1643 2292 .
1685 2248 1819 2299 Video
1845 2262 1982 2294 autem
2005 2265 2127 2294 non-³

1148 2320 1353 2370 Helenam
1370 2352 1384 2374 ,
1408 2317 1496 2385 sed
1512 2317 1714 2366 mehercle
1747 2321 1876 2368 ‘viros
1903 2320 1950 2364 in
1966 2313 2130 2383 faciem

1151 2391 1382 2440 inclinatos
1407 2422 1421 2444 ,
1460 2389 1514 2437 &
1538 2388 1810 2454 pallefientes
1828 2423 1840 2434 .
2114 2394 2118 2396 ’

1233 2458 1454 2527 Suggerit
1495 2454 1684 2525 insuper
1721 2459 1813 2506 alia
1845 2474 1938 2504 non
1967 2456 2129 2523 exigui

1148 2528 1369 2599 ponderis
1387 2542 1665 2594 argumenta
1686 2527 1814 2576 idem
1831 2524 2056 2575 Eusebius
2081 2527 2130 2572 in

1146 2599 1372 2669 praedfflco
1388 2595 1521 2647 lib.8.
1540 2615 1694 2666 capa.
1715 2596 1797 2645 ubi
1816 2594 1878 2645 fic
1896 2618 1907 2646 ε
1928 2597 2024 2647 Haec
2042 2615 2128 2644 om-

1147 2676 1221 2720 nia
1243 2671 1339 2720 nos‘?
1341 2671 1405 2718 ris
1419 2669 1674 2734 temporibus
1689 2671 1888 2734 completa
1890 2669 2017 2737 fimi,
2030 2684 2132 2716 tunc

1147 2746 1238 2790 cum
1258 2740 1360 2789 aedes
1373 2741 1521 2807 sacras
1524 2742 1618 2809 stilo
1635 2743 1788 2805 aequari
1803 2774 1819 2796 ,
1856 2755 1904 2787 ac
1917 2736 2131 2806 funditus

110 2805 202 2856 sius
220 2842 232 2854 .
270 2810 342 2855 At
369 2809 507 2877 longe.
527 2823 636 2860 ante
657 2811 944 2860 Diocletiani
984 2828 1090 2880 per-
1133 2811 1345 2882 subverti
1363 2844 1376 2865 ,
1390 2810 1536 2876 sacros
1551 2811 1811 2860 divinarum
1817 2811 2133 2878 siripturarum

109 2873 404 2926 secutionem
433 2880 645 2944 loquitur
672 2885 900 2948 Optatus:
938 2898 1092 2931 nam-³
1145 2882 1286 2931 libros
1303 2886 1350 2929 in
1374 2880 1509 2928 medio
1515 2879 1617 2947 soro
1633 2885 1890 2931 concremari
1902 2884 2036 2930 oculis
2055 2899 2128 2926 no-

112 2945 173 2996 de
193 2947 487 3015 temporibus
505 2951 718 3000 Cornelii
736 2951 886 3018 Papae,
901 2953 981 3019 qui
1000 2952 1093 3002 flo—
1145 2953 1468 3002 {iris-‘vidimus
1484 2955 1573 3000 &a
1590 2952 1650 2996 Et
1667 2948 1883 3000 inferius:
1912 2951 1946 2999 S
1948 2967 2024 2998 unt
2037 2948 2130 2996 ubi-

112 3018 210 3070 ruit
225 3035 346 3066 anno
368 3035 482 3078 251.
501 3019 661 3068 &non
684 3019 855 3090 deipsa
873 3020 1090 3090 persecu·
1144 3042 1221 3090 que
1255 3020 1504 3088 Imperialia
1536 3020 1678 3071 edicia
1712 3058 1727 3080 ‚
1762 3021 1914 3090 quibus
1944 3016 2130 3084 Ecclefiae

112 3087 243 3134 tione
256 3089 544 3138 Diocletiani
556 3091 789 3157 intelligit
804 3128 820 3149 ,
859 3108 914 3140 ut
934 3092 1091 3144 obser·
1146 3091 1321 3156 quidem
1340 3092 1540 3160 adsblum
1558 3093 1683 3159 usque
1711 3093 1831 3140 dirui
1848 3124 1862 3145 ‚
1886 3089 2007 3155 fitcri
2023 3093 2130 3135 verb

112 3156 251 3203 vavit
286 3156 484 3207 histo-riae
518 3158 842 3211 Ecclesiasticae
876 3163 1094 3232 Princeps
1145 3163 1324 3214 Codices
1331 3163 1526 3230 flammis
1546 3161 1709 3230 absumi
1712 3160 1976 3226 jubebantur
1995 3192 2004 3202 .
2022 3153 2129 3204 Pos-

114 3225 340 3276 Batonius
358 3228 417 3278 ad
434 3246 614 3278 annum
648 3247 674 3292 5
682 3246 728 3299 7..
747 3250 793 3281 n.
820 3251 839 3283 1
852 3254 931 3285 00.
1145 3232 1311 3284 sentne
1328 3233 1451 3286 dirui
1471 3269 1486 3291 ,
1521 3233 1570 3280 &
1589 3231 1686 3279 solo
1702 3229 1871 3295 aequari
1891 3262 1905 3283 ,
1922 3244 2021 3292 quae
2034 3223 2128 3342 {ca--

2069 3313 2130 3343 ΠΒ
