2425 3747
315 218 409 258 102

299 274 391 327 stus
413 275 646 329 videlicet
661 301 771 330 cum
790 286 866 332 SS.
891 283 1084 333 Andrea
1100 322 1117 343 ‚
1146 289 1276 336 Mat-

296 347 448 404 thaeo,
475 351 855 410 Bartholomm,
884 354 1057 412 Paulo,
1090 357 1140 405 &
1167 357 1274 405 Phi-

293 417 426 484 lippo
465 417 553 466 hoc
586 418 746 488 figno.
898 421 978 471 Ab
1013 425 1082 472 his
1108 427 1274 494 paullo

293 483 575 535 differebant
600 492 750 558 SS.Ja
780 437 865 543 {E
901 491 1073 552 cobus,
1091 499 1272 555 Simon,

281 554 492 623 jacobus
524 558 731 625 Alphei,
759 561 973 629 &judas
991 601 1001 611 .
1040 568 1086 613 S.
1107 567 1272 615 Petrus

291 624 354 674 fic
378 624 653 675 notabatur:
693 628 725 767 S
785 644 833 679 at
853 634 1183 702 SS-Joannes,
1220 638 1269 687 &

290 694 504 743 Thomas
542 696 630 744 hoc
712 630 745 768 S
779 702 952 751 modo:
989 705 1029 761 Π

358 762 571 814 Christus
588 767 676 815 hoc
692 769 822 839 figno
846 771 882 843 Π
901 763 1208 843 distinguitur
1226 779 1273 825 in

289 830 496 882 Ecclesia
513 838 688 887 Sanctae
715 841 1017 892 Pudentianae
1036 881 1046 891 .
1067 849 1180 895 Hoc

288 907 333 952 S.
354 904 523 953 Paulus
544 908 592 953 in
615 911 658 956 S.
678 909 941 961 Theodoro
956 949 966 958 .
988 913 1179 965 Ibidem
1212 847 1277 988 ἒξ

289 974 484 1023 Sanctus
508 976 669 1026 Petrus
687 978 897 1049 fignatur
925 985 992 1031 H.
1015 988 1070 1032 In
1089 986 1208 1034 Trib
1224 1007 1277 1036 u-

285 1062 344 1092 na
371 1047 414 1093 S.
437 1048 605 1095 Mariae
624 1049 998 1119 Transtyberim
1017 1057 1275 1126 S.Joannes

285 1113 429 1164 habet
454 1116 501 1162 in
521 1115 729 1168 vestibus
748 1122 810 1169 T.

381 1187 495 1233 Alia
531 1184 659 1255 signa
694 1193 742 1238 in
772 1190 979 1242 vestibus
1009 1195 1268 1264 Apostolo-

287 1272 393 1303 rum
416 1257 463 1303 in
490 1257 732 1310 Leoniano
754 1263 992 1313 Triclinio
1020 1265 1269 1329 visuntur,

287 1343 460 1395 nempe
486 1327 580 1375 haec
608 1329 801 1382 inferius
824 1331 1090 1388 delineata:

537 1430 624 1540 Ξ
646 1418 1038 1559 mr!-

290 1610 504 1664 Christus
523 1612 641 1661 vero
662 1614 900 1662 Dominus
925 1615 1027 1744 ἓξ
1074 1614 1164 1663 hoc
1181 1633 1263 1684 pe·

285 1683 463 1728 culiare
483 1679 514 1726 fi
553 1700 668 1726 num
685 1680 895 1727 exhibet.

353 1753 411 1800 In
427 1700 645 1797 Triffiuna
661 1750 738 1797 SS.
762 1749 983 1797 Praxedis
996 1784 1012 1807 ,
1030 1751 1235 1818 Agnetis
1248 1787 1265 1810 ,

279 1821 332 1873 &
362 1820 568 1870 Caeciliae
585 1820 848 1888 Virginum
866 1854 883 1878 ,
910 1837 1075 1868 earum
1114 1820 1264 1870 vestes

280 1888 416 1941 Rofis
434 1902 661 1937 notantur
677 1924 689 1936 .

353 1963 471 2011 Haec
492 1956 600 2006 sunt
630 1956 757 2028 signa
787 1960 833 2006 in
855 1958 1062 2008 vestibus
1092 1959 1263 2028 figura-

283 2032 344 2078 tis
366 2027 675 2078 Mufivorum
690 2031 858 2077 Romae
878 2032 1143 2078 extantium
1160 2065 1170 2075 .
1193 2031 1262 2077 Si-

282 2100 417 2148 milia
437 2135 454 2156 ,
490 2117 542 2146 ac
567 2099 657 2146 alia
677 2098 865 2147 diversa
893 2098 1018 2167 signa
1043 2098 1265 2149 observa-

280 2172 323 2216 ri
353 2170 501 2217 etiam
530 2166 715 2236 possunt
742 2170 789 2215 in
820 2171 1024 2217 Mulivis
1043 2168 1264 2237 operibus

282 2242 523 2290 Ravennae
544 2237 869 2297 existentibus,
882 2257 1087 2305 quorum
1106 2257 1263 2290 exem-

283 2310 433 2378 plaria
458 2306 767 2358 transcribere
789 2312 953 2357 curavi
970 2346 985 2367 ,
1010 2310 1068 2359 de
1091 2309 1261 2377 quibus

283 2388 366 2428 luo
387 2381 490 2428 loco
511 2380 779 2448 agendum3
815 2397 939 2428 nunc
960 2394 1120 2429 autem
1138 2379 1262 2428 sum-

283 2452 486 2507 matim,
524 2453 577 2497 n&
613 2451 763 2498 nimio
792 2449 1052 2519 benignum
1088 2452 1259 2500 Lecto-

283 2538 386 2570 rem
404 2519 544 2568 taedio
563 2517 797 2578 afficiam,
834 2518 960 2589 figna
985 2523 1033 2569 in
1054 2520 1259 2570 vestibus

285 2592 568 2657 Figurarum
593 2592 801 2637 extantia
827 2608 1052 2657 reponam
1070 2627 1080 2637 .

356 2662 413 2707 In
433 2657 637 2709 Ecclesia
673 2659 1141 2727 SanctiApollinaris
1172 2678 1257 2709 no-

283 2728 334 2774 vi
356 2731 597 2776 Ravennae
613 2766 628 2787 ,
660 2731 706 2776 in
730 2729 925 2779 diversis
958 2732 1138 2800 Figuris
1164 2731 1259 2779 haec

285 2792 411 2863 signa
432 2796 635 2866 expressa
663 2814 921 2849 cernuntur
940 2820 950 2849 :

327 2915 528 2988 ΗΓἾ
553 2917 1158 2993 ΤΚΕΝΜΘἪΟ

536 3029 768 3104 LAEC
788 3032 874 3104 T
896 3033 992 3107 Ε]

283 3158 337 3203 In
367 3151 569 3202 Ecclesia
601 3156 642 3201 S.
668 3156 842 3204 Vitalis
872 3155 1081 3220 ejusdem
1116 3158 1256 3207 Civi-

283 3228 392 3273 tatis
410 3223 766 3292 conspiciuntur
784 3226 904 3275 haec:
944 3223 1109 3300 ΖΓ

716 212 1147 270 VETERA
1222 212 1922 281 MONIMENTA

1329 296 1454 341 Item
1488 297 1535 344 in
1556 298 1760 348 Ecclesia
1784 290 2203 357 SanctiMichaelis
2229 308 2307 359 ha-

1330 361 1500 412 bentur
1526 368 1574 417 hi
1597 369 1907 420 characteres.

1325 546 1386 592 Et
1418 546 1465 591 in
1493 456 1920 604 Efflcffffi}Sff&{
1932 460 2169 606 ssrglfn
2186 558 2302 608 Cos·

1322 613 1486 664 medin
1511 621 1590 684 qui
1615 621 1690 669 hic
1712 620 2028 687 subjiciuntur
2044 664 2055 673 .

1520 707 1602 778 H
1638 710 1689 779 Ι.
1731 712 1976 784 nez
2016 716 2100 785 Ν.

1330 798 1511 846 Pariter
1540 800 1587 846 in
1606 800 1811 851 Ecclesia
1841 806 1884 851 S.
1914 808 2116 871 Agatha?
2145 810 2302 872 Majo-

1333 869 1393 915 ris
1425 868 1520 915 haec
1539 885 1650 920 nota
1668 870 1839 921 visitur
1856 910 1866 920 .

1332 939 1565 989 Similiter
1597 943 1644 990 in
1672 941 1875 992 Ecclesia
1897 949 1972 993 58.
1998 948 2191 994 Nazarii
2209 985 2226 1005 ,
2256 953 2306 1001 ὃς

1331 1006 1457 1059 Celsi
1471 1045 1488 1068 ,
1509 1024 1630 1060 notae
1650 1010 1820 1060 adsunt
1837 1013 2171 1084 subsequentes
2187 1054 2198 1063 .

1675 1107 1978 1181 sfal-

1396 1199 1514 1247 Haec
1543 1217 1714 1268 magna
1731 1198 2010 1257 diversitas,
2048 1201 2097 1250 ὃς
2121 1204 2303 1268 promi-

1323 1266 1456 1318 scuus
1484 1267 1590 1317 usus
1613 1267 1885 1335 hujusmodi
1904 1271 2269 1320 characterum-,2
2286 1310 2302 1331 ,

1323 1338 1404 1387 seu
1435 1354 1657 1388 notarum
1698 1342 1746 1388 in
1776 1343 1918 1389 variis
1953 1344 2300 1409 antiquarunm

1323 1411 1597 1478 Imaginum
1639 1409 1848 1459 vestibus
1879 1446 1894 1469 ‚
1931 1428 2031 1476 quae
2064 1426 2184 1461 notae
2219 1416 2303 1461 ali-

1321 1498 1463 1547 quam
1503 1480 1866 1529 elementarium
1917 1481 2164 1529 literarum
2210 1481 2304 1532 for-

1318 1549 1797 1619 mamutplurimurn
1824 1550 2028 1606 habent,
2064 1553 2187 1601 clar&
2217 1554 2301 1601 de-

1318 1618 1546 1668 monstrat
1580 1628 1810 1687 quantum
1839 1623 2083 1670 &veritate
2115 1621 2301 1671 aberra-

1321 1692 1484 1737 verint
1522 1693 1749 1755 praecitati
1785 1692 2050 1747 Auctores,
2087 1706 2302 1752 certam,

1323 1755 1785 1826 determinatamque
1824 1761 2030 1827 aliquam
2075 1759 2303 1831 fignifica-

1321 1829 1504 1877 tionem
1523 1830 1671 1879 literis
1690 1829 1815 1879 hisce
1828 1866 1843 1888 ,
1860 1830 1939 1879 seu
1955 1831 2303 1884 characteribus

1321 1899 1653 1949 attribuendo.
1693 1901 1902 1948 Accedit
1939 1900 2128 1968 insuper
2169 1905 2299 1968 quod

1319 1970 1482 2019 multae
1514 1971 1538 2018 ὲ
1573 1969 1804 2038 praedictis
1838 1972 1961 2018 notis
1989 2005 2005 2027 ,
2043 1969 2123 2018 seu
2161 1970 2300 2040 signis

1319 2040 1501 2088 nullam
1521 2040 1857 2088 habentliterae
1887 2042 2187 2089 elementaris
2220 2042 2296 2092 seu

1319 2111 1496 2157 Latinae
1511 2147 1526 2168 ‚
1560 2110 1640 2159 seu
1661 2112 1835 2158 Graecae
1853 2106 2056 2158 formam
2075 2146 2092 2168 ‚
2117 2125 2171 2158 ut
2191 2108 2296 2162 sunt

1318 2181 1528 2247 exempli
1548 2180 1702 2250 gratia
1723 2181 1817 2228 haec
1834 2216 1844 2226 .

1432 2281 2156 2357 scjffizfffflvcm-

1318 2394 1438 2460 Qae
1468 2393 1592 2464 signa
1619 2392 1730 2442 cum
1753 2391 2018 2463 promiscue
2048 2395 2095 2441 in
2117 2400 2292 2464 Imagi—

1316 2482 1432 2512 num
1468 2464 1759 2514 vestimentis
1795 2468 1886 2522 (ut
1918 2463 2055 2534 supra
2091 2464 2294 2515 ostendi-

1316 2545 1454 2597 mus)
1483 2533 1832 2603 conspiciantur
1851 2571 1867 2592 ,
1904 2554 2048 2584 nemo
2078 2539 2203 2584 cert&
2225 2534 2288 2584 af-

1315 2603 1522 2653 firmabit
1548 2641 1563 2662 ,
1602 2618 1683 2651 aut
1718 2600 1927 2653 tesseram
1966 2607 2131 2654 Patriae
2155 2641 2171 2664 ,
2209 2621 2291 2654 aut

1316 2678 1506 2723 Nomen
1522 2710 1537 2731 ‚
1556 2687 1637 2722 aut
1658 2673 1938 2731 Artificem,
1955 2691 2036 2723 aut
2059 2679 2287 2735 Crucem,

1314 2758 1394 2791 aut
1425 2742 1665 2792 Christum
1697 2781 1712 2802 ‚
1750 2759 1830 2792 aut
1864 2746 2119 2813 Apostolos
2155 2781 2170 2802 ‚
2207 2761 2290 2794 aut

1313 2815 1514 2879 reliquos
1531 2815 1719 2863 Sanstos
1748 2816 1929 2883 praecise
1949 2816 2207 2877 denotare3
2236 2831 2289 2864 ut

1315 2883 1429 2932 ben&
1462 2885 1597 2946 hujus
1632 2886 1776 2933 totius
1809 2884 2040 2934 discursus
2078 2883 2285 2953 supraci-

1311 2967 1408 3001 tata
1440 2955 1706 3004 testimonia
1735 2991 1750 3013 ,
1787 2957 1835 3005 &
1863 2954 2157 3004 diversarum
2178 2975 2283 3004 eru-

1309 3023 1550 3072 ditionum
1570 3028 1893 3074 oeconomiam
1915 3027 2182 3074 advertenti
2203 3046 2283 3094 pa-

1309 3092 1430 3141 tebit
1450 3130 1460 3139 .

1377 3162 1537 3212 Restat
1555 3182 1681 3213 nunc
1696 3203 1711 3224 ,
1748 3179 1803 3215 ut
1830 3166 1898 3213 his
1918 3165 2136 3214 omnibus
2165 3166 2283 3215 ben}

1307 3231 1556 3303 perpensis,
1572 3253 1784 3302 quaenam
1802 3233 1859 3283 fit
1878 3253 1985 3288 mea
2002 3237 2060 3284 de
2081 3234 2281 3285 istorum

2171 3307 2276 3353 cham
