2425 3747
319 278 384 321 74

712 249 1144 308 VETERA
1207 251 1928 307 ,MONIMENTA

315 324 744 384 animadverterit,
776 326 1048 373 amicorum
1079 332 1292 370 tantum·
1347 323 1497 371 vaein
1524 323 1622 376 dies
1653 324 1868 375 Ecclefiae
1906 324 2318 377 construerentur.

317 397 463 447 modo*
479 433 495 454 ,
515 414 628 444 cum
646 395 817 464 quibus
836 390 1096 459 aliquando
1113 389 1294 442 sermo-

316 486 429 519 nem
445 465 582 535 super
598 468 667 515 his
687 461 984 531 habui,quas1
1000 464 1126 513 inter
1144 460 1190 512 se
1205 461 1299 512 dis-

314 538 576 590 serentium
591 536 838 604 opiniones
860 532 1124 592 adducam,
1141 552 1193 583 ac
1215 552 1309 583 no·.

315 610 416 659 strae
432 607 629 657 demum
645 604 890 657 ,sententiae
909 605 1075 654 locum
1094 602 1268 654 faciam
1287 641 1303 662 ,

318 677 507 746 quando
527 676 619 722 illis
639 673 831 726 dicendi
846 679 1162 745 praerogativa
1177 712 1194 734 ,
1228 678 1302 724 uti

317 767 400 817 par
420 745 486 794 est
501 781 516 802 ‚
546 744 706 794 delata
726 742 874 796 fuerit
890 783 902 794 .

390 815 840 873 Nihilintercedere
862 816 1158 867 arbitrantur
1186 835 1304 867 non-

316 888 475 943 nulli,
515 906 572 935 an
606 888 710 937 altae
731 885 822 935 sint
834 923 852 945 ,
883 907 941 936 an
976 885 1199 958 depreffae
1230 887 1300 936 sa-

316 974 506 1007 crarum
537 957 714 1006 aedium
746 955 955 1007 fenestrae
973 995 990 1018 ,
1028 959 1297 1009 dummodo

318 1026 408 1077 sint
423 1026 650 1097 angustae:
681 1047 793 1077 nam
810 1028 990 1079 constat
1007 1045 1107 1079 tam
1123 1048 1271 1078 unam
1283 1066 1299 1088 ,

316 1116 461 1166 quam
478 1100 680 1148 alteram
699 1096 907 1149 formam
923 1116 1168 1171 acceptam
1187 1098 1300 1149 fuis-

316 1168 362 1219 se
383 1169 511 1237 apud
536 1167 712 1238 priscos
727 1206 743 1229 ,
772 1172 824 1222 δε
858 1185 1090 1241 utranque
1120 1174 1301 1240 promi·

316 1238 423 1295 scu&
456 1237 690 1309 usurpasse
722 1243 1058 1302 Architestos,
1094 1261 1301 1310 quorum

318 1329 412 1360 una
427 1328 558 1360 mens
578 1325 680 1361 erat
701 1313 1026 1364 immodicum
1042 1316 1207 1364 lumen
1226 1333 1305 1364 ex-

316 1379 514 1431 cludere
531 1418 543 1429 .
581 1384 712 1449 Eque
738 1384 887 1453 igitur
914 1383 1162 1434 vetustatis
1190 1386 1300 1434 cha-

315 1450 552 1502 rasterem
586 1454 679 1502 illis
706 1454 926 1503 tribuunt
959 1453 1305 1523 (quiicunquem

316 1522 514 1571 tandem
543 1521 692 1590 figura
717 1523 929 1590 fuerint)
959 1524 992 1574 fi
1021 1525 1192 1575 arcti-Sis
1221 1544 1304 1576 ex-

315 1606 526 1651 cavatae,
552 1593 689 1644 brevi
715 1595 903 1643 ambitu
930 1615 1122 1664 parcam
1141 1599 1303 1646 lucem

315 1662 601 1711 admittant.
643 1666 719 1717 Ut
746 1681 907 1715 autem
926 1666 1164 1735 probent,
1194 1686 1304 1735 pr0÷

315 1730 526 1798 positum
548 1730 680 1777 fuisse
699 1737 964 1790 primarum
982 1735 1187 1778 Ecclesia
1198 1755 1305 1784 rum

315 1792 644 1848 structoribus
659 1792 911 1842 modicum
933 1796 1098 1844 lumen
1119 1797 1306 1864 excipe-

316 1887 369 1918 re
385 1904 401 1927 ,
422 1868 518 1916 haec
535 1861 683 1915 ferm&
699 1862 1002 1914 considerant
1018 1901 1035 1923 ,
1061 1864 1146 1914 sub
1162 1868 1303 1916 Chri-

314 1938 475 1989 stianae
500 1937 769 2003 Religionis
799 1934 1085 1993 exordium,
1115 1937 1162 1982 in
1191 1955 1305 2003 cry-

318 2009 411 2078 ptis
430 2007 697 2075 plerunque
712 2006 763 2056 &
786 2005 996 2054 latibulis
1014 2041 1030 2062 ,
1061 2019 1200 2054 metu
1221 2004 1306 2054 sci-

317 2080 434 2128 licet
460 2078 712 2144 ingruente
737 2073 1123 2145 persecutionum
1141 2112 1157 2133 ,
1188 2095 1303 2126 con-

319 2161 495 2198 ventus
520 2145 763 2195 Fidelium
782 2145 945 2196 haberi
976 2144 1269 2197 consuevisse
1291 2171 1307 2210 3

321 2217 390 2267 ibi
422 2217 588 2266 divina
622 2217 822 2266 tractare
850 2215 1118 2286 Mysteria3
1143 2216 1211 2265 ibi
1239 2215 1306 2266 sa-

320 2290 411 2337 cris
438 2285 734 2337 sermonibus
755 2287 812 2337 εό
829 2284 1125 2354 frequentius
1146 2288 1306 2338 indul-

323 2376 435 2430 gere
450 2393 466 2416 ‚
494 2357 590 2424 qu&
609 2356 757 2407 tutius
778 2372 1026 2426 poterant3
1048 2357 1114 2407 ibi
1136 2361 1305 2408 Domi-

322 2432 437 2478 nicae
458 2424 630 2477 mensa:
646 2430 900 2498 participes
922 2428 1052 2490 fieri,
1082 2428 1149 2477 ibi
1169 2431 1304 2480 deni-

322 2517 418 2567 que
449 2496 707 2548 Ecclefiam
747 2500 915 2556 (unde
952 2501 1059 2549 loco
1090 2512 1304 2565 nomen)

325 2585 614 2639 congregare
634 2605 644 2616 .
682 2568 976 2638 Compositis
1006 2569 1117 2621 inde
1141 2572 1305 2622 flucti-

327 2640 412 2690 bus
439 2639 856 2709 perturbationum
875 2676 891 2698 ,
930 2638 1042 2688 cum
1075 2644 1204 2708 quies
1230 2645 1307 2692 Fi-

328 2708 515 2758 delibus
534 2709 843 2769 redderetur,
860 2708 1132 2778 possentque
1146 2718 1243 2777 jam
1261 2715 1308 2761 in

324 2793 548 2847 apertum
575 2779 800 2848 prodire5
829 2799 907 2830 eos
935 2794 1099 2830 tamen
1117 2786 1309 2851 antiqua

327 2863 615 2918 cryptarum
640 2847 824 2899 silentia
846 2849 1071 2902 amaviffe
1090 2888 1107 2910 ,
1136 2851 1216 2902 seu
1237 2856 1309 2903 lo-

329 2922 374 2971 ci
395 2916 768 2979 consuetudine,
795 2919 875 2971 seu
899 2926 1187 2990 Martyrum
1216 2943 1313 2974 me*

329 2990 486 3041 moria
505 2988 872 3040 similitudinem
897 2992 1189 3043 latebrarum
1211 2994 1312 3042 sua-

330 3063 508 3119 dente,
534 3059 616 3109 seu
641 3062 906 3129 Religionis
934 3062 1195 3113 constantii}
1223 3067 1310 3115 in...-

328 3128 627 3182 sanc'tiffimis
645 3132 842 3179 Patrum
860 3131 1028 3182 ritibus
1046 3132 1311 3186 custodien-

331 3204 404 3252 dis
426 3224 437 3252 :
476 3203 584 3251 hinc
611 3220 700 3251 nec
726 3198 934 3251 formam
960 3200 1312 3255 fenestrarum-2

1420 393 1513 443 Sed
1544 395 1652 451 illi,
1689 398 1771 463 qui
1805 395 2041 444 indicium
2076 401 2166 447 aevi
2203 401 2327 447 anti-

1353 465 1530 530 quioris
1548 462 1770 514 deferunt
1788 468 1959 535 amplis
1974 463 2204 528 fenestris,
2216 487 2333 539 prae-

1354 548 1491 603 cepta
1507 535 1684 585 servari
1713 539 1739 586 a
1758 536 1919 605 priscis
1939 537 2076 586 solita
2098 539 2147 586 in
2166 540 2333 593 Basili-

1355 608 1418 654 cis
1454 605 1774 656 construendis
1812 607 2058 658 adducunt
2082 643 2094 655 .
2135 611 2336 661 Constat

1357 675 1677 746 proculdubio
1705 680 1998 728 Vitruvium
2025 681 2200 728 lumini
2225 698 2334 748 pro-

1358 745 1623 818 penfiorem
1651 746 1696 797 se
1725 746 1966 817 praebuisse
1992 753 2042 797 in
2069 751 2340 800 earundem

1357 818 1511 869 forma
1530 818 1800 869 definienda
1817 856 1827 866 .
1868 817 1999 870 Cum
2033 819 2152 869 ver&
2173 819 2339 871 Basili-

1354 912 1426 941 cas
1446 894 1780 939 Romanorum
1805 889 1969 947 (unde
1995 891 2176 941 aedibus
2191 893 2338 942 Chri-

1352 963 1614 1013 stianorum
1629 963 1789 1011 omine
1807 963 1999 1011 meliori
2015 998 2031 1020 ,
2063 961 2231 1030 utpote
2247 966 2343 1012 Re-

1351 1038 1398 1105 gi
1420 1038 1612 1101 Regum
1630 1031 1819 1080 sacratis
1832 1068 1848 1089 ,
1877 1051 2052 1083 nomen
2070 1032 2343 1083 deductum

1352 1104 1454 1169 est)
1494 1105 1673 1152 imitati
1703 1099 2000 1171 potiffimum
2037 1101 2128 1151 fint
2163 1103 2345 1152 Princi-

1354 1195 1459 1246 pes,
1490 1176 1635 1244 primi
1663 1171 1984 1222 Ecclefiarum
2013 1174 2062 1220 in
2078 1172 2218 1226 Urbe
2245 1191 2347 1233 eree·

1353 1250 1536 1303 ermes,
1569 1245 1733 1295 evenit
1762 1258 1817 1292 ut
1835 1246 1963 1294 inter
1980 1256 2146 1292 caetera
2168 1245 2345 1294 Vitru-

1354 1321 1424 1369 vii
1459 1330 1690 1385 praecepta
1709 1352 1725 1373 ‚
1763 1313 2009 1364 servarent
2037 1316 2187 1363 etiam
2211 1313 2345 1363 fene-

1356 1388 1558 1438 strarum
1575 1386 1951 1455 amplitudinem
1969 1422 1985 1444 ,
2002 1387 2052 1436 &
2066 1401 2348 1442 numerum,

1356 1463 1384 1511 ὲ
1401 1477 1496 1528 quo
1515 1458 1721 1527 dignitas
1741 1456 1959 1525 quaedam
1974 1493 1992 1516 ,
2012 1457 2063 1507 &
2083 1456 2349 1524 elegantia,

1358 1549 1454 1580 non
1486 1527 1581 1577 sm&
1609 1530 1754 1586 utili,
1788 1527 2088 1594 notabilique
2117 1543 2349 1594 compen-

1357 1603 1441 1652 dio
1470 1598 1785 1668 proveniebat
1804 1636 1814 1645 .
1854 1602 1985 1647 Nam
2020 1599 2158 1665 copia
2192 1598 2346 1651 lucis,

1360 1673 1678 1741 praeterquam
1711 1669 1842 1735 quod
1874 1671 2184 1717 innocentem
2224 1666 2349 1734 parit

1358 1743 1657 1791 hilaritatem
1673 1777 1688 1797 ,
1719 1741 1768 1790 &
1788 1740 2115 1789 reverentiam
2143 1755 2315 1786 eorum
2335 1771 2352 1792 ,

1358 1822 1475 1871 quos
1509 1805 1757 1872 praesentes
1787 1809 2011 1859 videmus
2038 1831 2054 1870 3
2092 1803 2353 1876 expreffius

1352 1875 1571 1940 legendis
1601 1873 1737 1921 sacris
1756 1879 2019 1918 coelic-ibus
2035 1906 2051 1927 ,
2078 1894 2133 1918 ac
2149 1877 2352 1937 reliquis

1355 1942 1667 1992 Clericorum
1692 1938 1962 1988 ministeriis
1982 1938 2218 1990 obeundis
2243 1943 2352 2008 plu-

1358 2008 1540 2061 rimum
1557 2011 1854 2078 opitulatur:
1887 2010 2348 2076 quemadmodum-2

1358 2086 1407 2132 in
1425 2079 1663 2138 Bafilicis‚
1691 2082 1910 2148 gentium
1930 2083 2024 2145 juri
2041 2081 2246 2131 dicendo
2266 2101 2350 2151 po-

1360 2152 1456 2202 fitis
1471 2188 1486 2209 ,
1516 2153 1677 2200 lumen
1697 2150 1999 2200 uberrimum
2016 2151 2319 2219 quaerebatur
2334 2189 2352 2210 ,

1360 2238 1415 2272 ut
1440 2218 1620 2291 possent
1638 2219 1823 2271 facilius
1849 2220 2021 2270 tabulae
2045 2225 2350 2292 litigantium

1359 2294 1583 2350 recitari,
1613 2306 1696 2340 aut
1723 2291 1972 2340 transcribi
1999 2329 2009 2338 .
2053 2296 2173 2360 Qae
2200 2293 2351 2344 cum.)

1359 2383 1452 2415 non
1472 2364 1822 2433 perpenderent
1837 2362 2075 2421 Vandali,
2094 2365 2246 2413 ltaliae
2261 2363 2350 2413 de-

1359 2434 1619 2485 vastatores
1645 2470 1662 2491 ‚
1699 2435 1817 2482 dum
1848 2433 2029 2502 templa
2065 2431 2350 2492 reficerent,

1359 2508 1441 2556 vel
1470 2507 1739 2574 erigerent,
1778 2522 1864 2573 pro
1899 2500 2096 2553 suorum
2127 2501 2350 2554 fortasse-2

1360 2574 1556 2628 consilio
1571 2611 1587 2632 ,
1605 2589 1686 2622 aut
1705 2573 2048 2625 consuetudine
2066 2611 2082 2633 ,
2098 2577 2179 2642 qui
2200 2572 2349 2642 frigo-

1363 2651 1424 2697 ris
1457 2644 1743 2694 excludendi
1772 2645 1928 2715 gratial
1965 2649 2060 2702 (ut
2091 2647 2149 2694 de
2173 2648 2347 2693 Borea-

1363 2721 1487 2768 lium
1524 2718 1777 2783 regionum
1819 2716 2084 2765 cultoribus
2122 2712 2346 2783 suspicari

1364 2805 1446 2857 par
1467 2785 1570 2850 est)
1603 2788 1676 2836 vel
1703 2788 1887 2844 nullas,
1917 2787 1995 2835 vel
2020 2804 2144 2834 raras
2179 2786 2346 2833 admo-

1363 2859 1481 2908 dum
1497 2893 1512 2915 ,
1540 2855 1706 2924 easque
1734 2855 2010 2907 arctissimas
2028 2858 2254 2926 aperuere
2276 2855 2348 2904 fe-

1364 2927 1565 2986 nestras,
1593 2927 1822 2996 suumque
1856 2946 2043 2977 morem
2062 2964 2078 2986 ,
2111 2929 2202 2976 una
2230 2941 2348 2974 cum

1364 3001 1539 3048 caeteris
1557 3002 1733 3047 artium
1751 2999 2052 3049 detrimentis
2065 3034 2081 3056 ,
2106 2995 2273 3048 nostris
2294 2992 2348 3042 fi-

1364 3067 1501 3117 nibus
1522 3071 1720 3119 intulere
1737 3073 1857 3135 „His
1874 3072 2032 3137 itaque
2049 3066 2350 3137 argumentis

1364 3138 1558 3189 adducti
1575 3142 2106 3207 nonnulli‚antiquiores
2120 3134 2350 3187 Ecclefias

1368 3224 1588 3277 reputant
1605 3229 1676 3260 eas
1691 3248 1706 3270 ,
1734 3231 1834 3278 quae
1856 3208 2071 3279 pluribus
2085 3247 2102 3268 ,
2119 3223 2201 3258 aut
2219 3206 2352 3256 cert&

331 3271 465 3325 fuisse
503 3274 630 3342 apud
672 3291 750 3325 eos
788 3287 1023 3323 mutatam
1048 3309 1066 3334 ‚
1108 3273 1194 3325 etsi
1232 3296 1317 3327 no-
1376 3280 1720 3349 augustioribus
1738 3280 1944 3333 fenestris
1965 3283 2171 3332 multam
2191 3281 2351 3328 lucem

2230 3349 2353 3397 Haec

1370 3353 1621 3424 excipiunt
1638 3387 1647 3398 .
