2482 3742
642 258 1026 315 CAPU

1101 257 1146 307 T
1248 250 1515 306 XXVII.
1974 274 2064 319 245

143 335 203 386 In
227 336 312 383 hac
331 329 650 388 Narratione,
686 345 737 378 ut
755 326 957 377 Bafilicae
980 329 1044 375 Si·
1094 329 1255 392 Qare
1288 323 1345 371 ab
1378 319 1638 371 eorundem
1679 322 1944 371 And-orum
1968 323 2063 374 sen—

71 407 222 458 cinini
250 419 423 458 nornen
442 395 712 467 profertur,
737 402 802 448 ita
819 398 929 451 fitus
948 415 1042 446 non
1094 392 1244 445 tentia
1282 394 1503 445 recedens
1534 428 1546 448 ‚
1595 389 1794 440 statuere
1834 389 1955 459 polle
2001 397 2070 441 viu³

72 473 340 544 designatur
359 506 370 522 ,
412 471 698 538 Scriptores,
716 472 797 537 qui
816 471 956 518 illum
977 467 1046 515 di·-

70 539 521 612 ligentiusjndicare
541 543 699 592 conati
717 540 824 588 sunt
838 576 854 599 ,
884 554 1047 587 omnes

74 616 125 663 in
144 631 200 663 eo
219 610 519 661 consentiunt
532 645 549 667 ,
567 610 696 678 quod
712 611 856 679 prope
871 614 1048 659 Forum

75 680 376 748 Esquilinum
406 679 600 729 Basilica
626 684 845 730 extiterit
871 715 887 738 ,
917 682 1048 742 cujus

72 755 184 805 Pori
208 753 441 801 memoria
470 751 743 819 nuperrime
770 762 954 816 reperta
985 746 1050 796 est

75 824 126 870 in
161 823 318 892 lapide
354 819 614 870 Tiburtino
640 857 657 880 ,
693 822 741 869 in
771 822 929 869 Vinea
960 819 1045 866 ΡΡ.

59 894 154 947 SS-
173 891 357 943 Cosmae
373 928 390 951 ‚
419 893 468 941 &
494 891 719 939 Damiani
745 886 842 940 Via
861 888 1051 941 Labica-⁵

74 962 135 1010 nel
151 960 287 1032 supra
302 962 656 1013 Coemeterium
677 961 810 1010 Beati
832 959 1012 1010 Castuli
1032 993 1048 1015 ,

75 1049 220 1098 quam
240 1044 323 1083 nos
338 1032 539 1102 propriis
563 1033 715 1081 oculis
739 1031 939 1099 legimus
955 1064 967 1081 ῳ

1097 467 1229 522 deor,
1247 463 1491 512 Basilicam
1512 462 1796 510 Sicinianam
1815 459 2073 521 Ecclesiam

1100 533 1186 586 effe
1204 539 1247 583 S.
1266 532 1561 591 Andreae,de
1584 550 1672 598 qua
1694 533 1953 598 loquimur3
1970 531 2071 580 tum

1102 619 1292 676 propter
1319 601 1521 651 Bafilicae
1542 600 1742 651 formam
1759 639 1775 660 ,
1806 621 1949 669 quam
1967 604 2075 649 reti-2

1100 691 1180 726 net
1198 711 1213 733 ,
1241 679 1345 722 tum
1371 687 1562 742 propter
1583 675 1917 738 antiquitatem
1932 709 1948 730 ,
1966 671 2071 720 tum

1101 749 1247 796 etiam
1273 743 1333 792 ob
1355 745 1580 790 viciniam
1599 761 1709 791 cum
1727 742 1976 791 Liberiana
1993 778 2003 788 .

1172 818 1218 865 Si
1244 812 1472 880 singulas,
1503 830 1602 879 quae
1633 815 1679 863 in
1697 814 1833 876 hujus
1862 810 2076 864 Ecclefiae

1104 886 1371 937 narratione
1388 882 1658 949 quaestiones
1680 881 1953 951 insurgunt,
1971 900 2075 930 exa—³

1105 960 1286 1006 minare
1311 955 1570 1010 vellemus,
1597 955 1734 1001 nimis
1752 953 2077 1003 recederemus

1102 1031 1128 1078 ὲ
1170 1026 1418 1074 brevitatis
1455 1022 1594 1091 scopo
1633 1022 1766 1071 nobis
1805 1020 2044 1091 proposito
2064 1043 2074 1074 ;

1040 1162 1046 1164 s
1101 1094 1306 1146 sufficiat
1338 1096 1484 1162 igitur
1519 1093 1554 1142 fi
1584 1091 1768 1142 tantum
1795 1093 1869 1141 hic
1897 1094 2074 1140 indice-

128 1206 187 1253 o,
208 1204 475 1253 eAcrvs.
503 1205 561 1250 c.
579 1201 632 1246 L.
660 1201 912 1249 HERAC.

131 1271 648 1321 ARGENTARws.
686 1272 787 1316 DE.
835 1271 1018 1317 Foao

133 1341 523 1407 EsQVILINo
548 1339 689 1388 SIBI.
717 1336 822 1387 ET,
853 1338 1014 1391 LIBE-

133 1412 237 1461 ET.
273 1409 713 1460 LIBERTABVS.

148 1586 480 1632 Romanorum
514 1578 841 1630 AEdificiorum
876 1582 1057 1628 Scruta=

81 1666 156 1702 tor
175 1651 419 1700 Nardinus
434 1687 452 1710 ,
471 1647 689 1717 sequutus
713 1654 801 1708 (ut
820 1647 1056 1710 arbitror)

79 1722 420 1778 Pancirolum,
457 1724 747 1789 peculiarem
780 1721 938 1770 eidem
969 1722 1057 1766 Ba-

80 1791 220 1842 filicae
249 1792 412 1841 locum
441 1789 664 1861 affignat3
701 1790 765 1839 ibi
795 1787 925 1838 fuisse
961 1790 1056 1838 exi-

79 1862 270 1914 stimans
289 1897 305 1920 ‚
342 1859 423 1909 ubi
454 1879 578 1917 nunc
606 1861 689 1910 fita
717 1860 781 1910 est
810 1857 1056 1908 Ecclesia„

81 1933 242 1986 San&
281 1933 432 1991 Viti,
471 1934 612 1981 nullis
653 1945 813 1988 tamen
860 1931 1054 1979 rationi·

82 2002 170 2053 bus
198 2003 249 2054 id
267 2005 473 2052 evincit:
510 2005 624 2070 quin
644 2004 790 2052 etiam
811 2018 898 2070 ego
917 2036 933 2060 ,
976 2019 1056 2068 pa-

81 2091 137 2123 ce
167 2074 288 2122 tanti
317 2075 462 2132 Viri,
499 2092 609 2123 eum
641 2072 768 2122 haud
794 2072 910 2121 bene
940 2069 1059 2134 ejus-

81 2143 198 2192 dem
213 2141 426 2195 Ecclefiae
449 2142 589 2196 situm
615 2145 865 2211 antiquum
884 2138 1058 2190 tenuis-

81 2213 130 2271 se
151 2215 259 2263 dico
279 2249 290 2260 .
323 2211 535 2270 Distabat
551 2216 678 2263 enim
701 2230 838 2264 vetus
854 2208 1058 2260 Ecclesia

83 2286 239 2341 Sancti
263 2286 370 2334 Viti
401 2283 749 2352 aliquantulum
774 2284 830 2332 ab
848 2301 928 2339 ea,
956 2299 1056 2350 quae

84 2373 209 2404 nunc
236 2352 435 2412 visitur,
463 2354 657 2412 fundata
683 2358 708 2405 a
730 2357 861 2404 Sixto
884 2357 976 2403 IV.
1003 2365 1057 2400 ut

85 2426 189 2475 erui
217 2442 276 2473 ex
306 2424 490 2474 Codice
522 2429 595 2474 M.
624 2429 697 2483 S.‚
731 2428 777 2473 in
805 2442 898 2492 quo
931 2424 1056 2492 regi-.-

84 2494 288 2549 strantur
305 2492 612 2545 Visitationes
630 2493 943 2545 Ecclefiarum
964 2496 1059 2546 Ur-

87 2562 157 2618 bis
174 2582 307 2632 paga
321 2582 434 2628 249.
456 2567 571 2613 mihi
594 2566 902 2615 commodato
922 2564 979 2612 ab
996 2565 1059 2613 Il-

86 2633 276 2684 lustriis.
306 2635 707 2687 &Reverendiss.
743 2639 803 2685 D.
824 2636 1064 2704 Raphaele

88 2703 338 2763 Fabretto,
358 2705 473 2753 dum
491 2707 584 2754 haec
601 2707 943 2775 imprimuntur
960 2706 1061 2772 glo?

89 2771 260 2829 riofiss.v
278 2773 493 2824 Pontifici
520 2776 796 2825 Alexandro
814 2777 897 2831 PF..
915 2780 1061 2832 VIII.

89 2863 116 2892 a
140 2841 310 2893 libellis
337 2842 626 2914 supplicibus
652 2882 672 2899 .,
700 2847 869 2914 Qalis
899 2864 1062 2901 autem

89 2914 291 2979 antiquae
316 2913 530 2965 Ecclefiae
555 2916 710 2969 Sanffi
731 2919 838 2967 Viti
860 2920 1064 2971 constru-

89 2983 187 3032 &io
210 2981 384 3041 fuerit,
419 2989 517 3035 tarn
546 2987 816 3043 Pancirolus
838 3026 853 3048 ,
884 2994 1065 3054 quam-2

91 3053 333 3102 Nardinus
362 3052 476 3104 scire
508 3075 602 3105 non
637 3071 926 3126 potuerunt,
957 3061 1067 3111 cum

89 3140 178 3171 nec
207 3124 339 3174 illam
368 3123 603 3184 viderint,
641 3147 726 3177 nec
752 3131 896 3177 etiam
917 3134 1064 3182 Codi-

91 3210 199 3242 cem
222 3196 344 3242 MS.
376 3192 522 3263 Ipfius
555 3209 715 3246 autern
743 3199 958 3250 Ecclesiae
980 3206 1067 3254 Vi-

90 3262 251 3320 fitatio
283 3261 442 3314 habita
474 3261 567 3320 fuit
595 3264 671 3319 die
699 3279 748 3320 6.
770 3271 894 3342 μω
920 3290 1066 3340 1574-

1102 1187 1204 1217 mus
1223 1168 1517 1232 Scriptorum
1531 1163 1893 1232 discrepantiam
1911 1165 1958 1211 in
1981 1179 2079 1230 pre-

1102 1237 1204 1287 fatae
1232 1235 1436 1285 Bafilicae
1466 1234 1855 1284 denominatione
1881 1253 1893 1285 z
1931 1250 2076 1281 earn-³

1104 1308 1281 1357 etenim
1300 1307 1444 1370 aliqui
1463 1306 1686 1352 Siccinini
1702 1340 1718 1364 ,
1740 1305 1820 1351 alii
1839 1301 2046 1351 Sifimini
2060 1338 2075 1359 ,

1105 1376 1324 1425 nonnulli
1345 1373 1460 1422 vero
1479 1375 1668 1421 Siccinii
1693 1385 1867 1420 vocant
1881 1407 1898 1429 ,
1936 1386 2079 1441 prout

1109 1448 1255 1497 etiam
1293 1443 1490 1510 quidam
1531 1441 1762 1497 Urlinum
1793 1443 2079 1499 nominant,

1109 1517 1191 1565 alii
1218 1513 1523 1566 Ursicinum,

1178 1587 1255 1637 Ut
1280 1598 1333 1632 ut
1354 1581 1438 1640 sit,
1479 1583 1560 1631 ista
1593 1584 1652 1632 de
1679 1583 1871 1631 nomine
1892 1582 2081 1649 quaestio

1111 1652 1415 1707 ociofioribus
1446 1656 1640 1702 Criticis
1669 1654 1995 1718 relinquatur,
2034 1656 2083 1704 &

1109 1727 1166 1777 ad
1183 1726 1404 1794 graviora
1424 1725 1711 1773 accedamus.
1736 1722 1876 1771 Libet
1891 1728 1987 1786 jam
2005 1726 2084 1771 ali-

1109 1799 1224 1864 quid
1252 1793 1324 1842 hic
1353 1795 1583 1862 attingere
1615 1795 1672 1842 de
1701 1792 1889 1841 historia
1921 1795 2083 1862 paullo

1108 1880 1215 1916 ante
1246 1864 1302 1913 ab
1331 1868 1588 1913 Ammiano
1614 1865 1899 1913 Marcellino
1927 1881 2085 1913 recen-

1109 1935 1223 1999 fita3
1248 1937 1334 1983 hoc
1351 1934 1413 1982 est
1435 1934 1490 1983 de
1507 1934 1630 1982 caede
1652 1937 1697 1984 in
1719 1931 1965 1982 schismate
1996 1936 2087 1988 Ur-

1110 2006 1240 2056 sicini
1268 2019 1534 2073 perpetrata
1556 2042 1566 2052 .
1613 2008 1735 2052 Nam
1772 2002 1804 2050 fi
1831 2006 2086 2052 Ammiani

1112 2077 1440 2128 testimonium
1461 2075 1699 2132 attendas,
1714 2073 1858 2123 cedes
1875 2076 1955 2122 illa
1977 2093 2088 2123 con-

1113 2149 1221 2216 tigit
1244 2148 1290 2193 in
1311 2143 1501 2192 Basilica
1525 2147 1813 2194 Sicciniana:
1850 2158 1897 2191 at
1919 2142 1952 2192 si
1975 2146 2088 2194 alio-

1113 2236 1218 2266 rum
1250 2217 1420 2284 placita
1456 2212 1785 2283 proferantur,
1826 2214 2089 2273 constabit,

1111 2290 1199 2337 hoc
1229 2286 1474 2353 lacrilegio
1508 2287 1743 2353 pollutam
1770 2281 1902 2338 fuiffe
1924 2283 2087 2333 Basili-2

1110 2377 1214 2407 cam
1247 2355 1548 2410 Liberianam
1567 2393 1577 2409 ,
1619 2355 1846 2406 Posterius
1872 2352 2092 2404 assertum

1110 2429 1275 2477 videre
1306 2426 1370 2475 est
1401 2429 1446 2479 in
1477 2426 1746 2494 praefatione
1781 2423 1952 2474 Libelli
1978 2430 2091 2474 Faue·

1113 2499 1219 2548 stini
1245 2500 1294 2548 ὃς
1311 2499 1583 2545 Marcellini
1606 2497 1880 2563 Presbyteri
1916 2496 1975 2544 ad
1994 2500 2093 2547 Im-

1116 2583 1387 2640 peratorem
1437 2569 1829 2618 Valentinianum
1861 2588 1875 2627 3
1924 2568 1971 2613 in
2003 2567 2091 2614 hoc

1117 2641 1248 2690 enim
1282 2641 1487 2707 legitur,
1524 2651 1718 2686 centum
1743 2638 1792 2687 &
1816 2635 2094 2704 sexaginta-2

1117 2713 1260 2761 Viros
1291 2728 1342 2761 ea
1371 2710 1494 2758 crede
1525 2707 1728 2756 sublatos
1748 2706 1991 2756 obsidione
2023 2724 2097 2756 oc-

1117 2778 1321 2830 cubuillle
1355 2783 1400 2827 in
1429 2777 1622 2827 Basilica
1655 2778 1934 2828 Liberiana.
1975 2779 2096 2847 Qiis

1117 2851 1442 2919 itaqueJudex
1462 2852 1575 2897 banc
1599 2850 1721 2898 inter
1739 2849 1972 2901 Audiores
1987 2866 2097 2895 coae-

1118 2941 1202 2973 vos
1232 2919 1435 2969 Damaso
1462 2922 1597 2969 litem
1628 2919 1734 2968 tuto
1759 2920 1984 2968 dirimere
2013 2935 2093 2964 au·

1119 2991 1292 3043 debit?
1330 2993 1431 3044 Erit
1462 2993 1617 3056 itaque
1648 2988 2097 3058 dignoscendum-³,

1120 3077 1224 3111 uter
1245 3079 1303 3110 ex
1332 3063 1423 3110 illis
1441 3066 1670 3126 majorem
1691 3058 1816 3126 apud
1842 3057 2096 3124 prudentes

1119 3132 1264 3182 fidem
1289 3130 1530 3188 obtineat,
1558 3144 1611 3177 ut
1638 3130 1758 3177 alter
1782 3131 1808 3177 a
1825 3126 2095 3176 testimonio

1120 3202 1316 3256 ferendo
1342 3213 1647 3251 removeatur
1664 3233 1673 3243 .

1203 3278 1278 3328 De
1313 3273 1574 3322 Ammiano
1608 3269 1742 3339 plura
1768 3264 2097 3335 congesserunt

1994 3338 2097 3386 To„
