2482 3742
732 237 1231 292 CAPUT
1333 233 1522 286 XXV.

121 319 251 389 Pedes
286 315 582 384 dt'sbipulorum
608 312 780 380 suorum
808 347 817 358 .
866 312 983 359 Haec
1023 326 1100 355 au—

126 403 227 436 tem
255 387 368 435 licet
385 402 495 433 cum
512 385 565 432 iis
586 383 885 437 coincidatur,
910 382 1099 447 quaeJo:

128 477 227 525 cap.
246 471 324 513 23.
339 454 659 518 continentur3
678 451 986 501 nihilominus
1006 466 1098 514 quo

127 529 193 579 ad
212 524 354 574 verba
369 559 385 582 ,
405 541 555 590 neque
574 525 772 589 antiquas
787 558 802 579 ,
820 537 971 586 neque
993 519 1098 565 vul-

127 609 244 664 gatae
291 596 542 642 Sacrorum
590 592 856 641 Bibliorum
899 590 1100 637 editioni

127 662 490 732 respondent.In
509 663 669 713 medio
686 663 859 711 horum
877 655 1101 708 versuum

127 734 196 784 est
215 752 571 803 monogramma
590 770 605 791 ,
643 731 771 799 quod
800 728 937 778 habes
958 729 1005 775 in
1027 745 1102 775 ea-

129 805 242 854 dem
257 801 444 852 Tabula
464 804 634 854 eodem
648 820 781 851 num.
800 816 843 858 3.
868 801 918 849 &
933 797 991 846 de
1007 815 1100 864 quo

131 870 253 923 infra
274 891 466 942 agemus
483 911 494 924 .

202 944 427 993 Praeterea
447 946 494 994 in
510 961 620 995 arcu
633 977 649 1000 ,
681 945 762 1010 qui
776 948 926 1006 januae
943 940 1100 987 immi·-

130 1026 228 1069 net‚
244 1010 421 1085 signato
440 1031 573 1062 num.
588 1033 635 1078 4.
656 1013 751 1062 haec
769 1024 991 1061 notantur
1010 1031 1021 1058 :
1049 1008 1103 1060 In

130 1085 267 1134 locum
283 1085 447 1153 Pascuae
483 1084 549 1133 ibi
566 1105 628 1134 me
661 1087 907 1134 conlocavit
922 1117 932 1128 .
970 1080 1104 1147 Super

130 1171 281 1222 aquam
314 1151 558 1222 rqseft'ionis
594 1157 801 1206 educavit
833 1173 896 1203 me
922 1188 933 1200 .
986 1155 1104 1219 Qae

128 1221 316 1294 sumpta
341 1224 449 1272 sunt
474 1243 532 1277 ex
562 1224 746 1272 Psalmo
784 1240 865 1269 22.
900 1219 1036 1270 numss
1063 1246 1103 1273 1.

129 1295 347 1359 quamvis
368 1295 416 1340 in
433 1310 523 1340 una
542 1311 662 1342 voce
688 1290 980 1358 discrepent,
994 1292 1104 1344 cum

132 1363 200 1410 ibi
226 1366 358 1414 locum
372 1380 457 1432 pro
476 1366 589 1421 loco,
608 1359 885 1429 inscriptum
902 1357 973 1407 sit.
994 1365 1104 1411 Me-

131 1433 270 1482 dium
294 1436 418 1485 inter
439 1433 521 1483 hos
538 1432 697 1482 versus
716 1431 780 1481 est
803 1448 1106 1497 monogram-

133 1522 210 1550 ma
236 1539 253 1560 ,
297 1501 449 1553 simile
478 1505 614 1553 alteri
641 1540 658 1562 ,
694 1503 752 1561 de
788 1519 882 1569 quo
918 1502 1105 1568 loquuti

132 1570 294 1622 sumus
316 1609 326 1623 .

206 1646 416 1691 Demum
437 1644 483 1689 in
506 1660 560 1691 eo
577 1647 709 1691 Arcu
729 1678 745 1700 ,
772 1643 852 1707 qui
875 1641 939 1690 est
955 1645 978 1689 e*
993 1660 1102 1689 con-

131 1710 294 1781 spe&u
314 1730 463 1780 nuper
482 1714 731 1762 memorati
750 1749 765 1771 ,
795 1713 990 1759 unicum
1010 1729 1106 1759 cer-

135 1785 268 1830 nitur
290 1800 677 1849 monogramma,
693 1797 747 1831 ut
763 1800 892 1830 num.
910 1799 954 1828 2.
974 1782 1107 1841 Quid

135 1865 299 1902 autem
323 1850 490 1901 sonent
506 1853 598 1901 haec
624 1865 1073 1922 monogrammata„
1090 1887 1105 1912 ,

136 1924 371 1970 incertum
393 1921 456 1975 est
470 1959 480 1969 .
501 1927 571 1971 At
591 1920 619 1970 fi
638 1924 722 1971 hac
745 1925 791 1970 in
808 1941 857 1972 re
878 1923 998 1969 mihi
1014 1926 1107 1972 Oe·-

136 1993 237 2060 dipi
259 1994 386 2041 vices
417 1993 667 2061 implendae
698 1991 831 2052 sunt,
863 1993 1107 2051 dicerem,

137 2064 187 2110 in
209 2080 264 2111 eo
294 2066 714 2130 Monogrammate
730 2100 747 2122 ,
772 2063 900 2131 quod
929 2065 976 2110 in
996 2081 1106 2111 arcu

135 2129 374 2200 spectatur
406 2131 489 2181 sub
525 2152 657 2181 num.
678 2152 723 2181 2.
756 2151 918 2182 omnes
947 2134 1106 2182 literas

134 2203 255 2251 hanc
275 2221 443 2253 vocem
461 2205 723 2254 BEATVS
743 2206 1008 2273 exprimere
1025 2241 1035 2251 .
1052 2208 1108 2252 In

135 2273 238 2321 aliis
259 2272 377 2323 vero
397 2272 479 2322 sub
498 2292 630 2325 num.
652 2290 695 2333 3,
713 2276 763 2325 &
779 2295 826 2339 4.
857 2288 1110 2341 quantum-

136 2344 209 2392 vis
244 2343 398 2409 prima
422 2341 580 2395 fronte
620 2359 713 2394 tres
746 2343 931 2393 tantum
961 2346 1110 2394 literae

138 2412 420 2471 videantur,
443 2419 698 2484 nempenM.
714 2420 777 2465 V.
795 2419 838 2464 S.
856 2413 889 2463 si
908 2429 1108 2464 tamen-³

138 2482 331 2547 aliquod
357 2486 549 2551 ingenio
575 2485 785 2534 dandum
805 2484 899 2543 est,
929 2504 986 2535 ex
1017 2487 1110 2534 illis

138 2550 288 2599 tribus
313 2555 548 2602 nonnullae
565 2556 663 2603 aliae
682 2552 875 2605 formari
896 2554 1109 2623 possunt,

137 2621 370 2671 videlicet
382 2625 860 2675 A.X.I.N.Praeterea
874 2624 907 2674 fi
923 2630 1110 2675 M.A.1.

138 2694 467 2760 geminentur,
505 2693 780 2744 habebimus
807 2694 996 2745 insimul
1036 2697 1114 2745 de-

141 2779 247 2809 cem
266 2763 422 2811 literas
438 2800 452 2820 ,
481 2782 580 2830 quae
600 2783 769 2815 vocem
805 2768 921 2815 lianc
939 2764 1108 2817 consti-

141 2844 312 2879 tuunt:
353 2836 821 2886 MAXIMIANVS
849 2873 865 2895 ,
901 2839 981 2903 qui
1006 2873 1021 2894 ,
1058 2849 1111 2884 ut

139 2901 398 2968 Ughellius
413 2901 621 2963 testatur,
644 2903 907 2974 trigesimus
925 2911 1112 2956 Raven-

141 2968 338 3021 natensis
357 2972 612 3042 Episcopus
633 2973 725 3024 fuit
741 3012 752 3022 .
1039 2979 1044 2986 '

213 3042 345 3089 Licet
368 3056 528 3091 autem
561 3047 798 3094 nonnullis
822 3045 911 3094 hoc
943 3064 1109 3095 mono·-

142 3128 355 3180 gramma
378 3115 808 3166 MAXIMIANO
831 3115 976 3164 tribui
1003 3135 1114 3165 neu-

145 3183 326 3248 tiquam
357 3179 477 3250 poffe
497 3183 744 3243 videatur,
770 3183 878 3234 edm
906 3188 1111 3235 illumin

145 3252 236 3302 hoc
266 3251 480 3305 AEdificio
507 3252 804 3305 restaurando
824 3292 840 3314 ,
876 3259 1110 3308 ornando-

2028 253 2121 296 2355

1152 324 1241 372 que
1269 308 1483 353 animum
1515 301 1762 372 applicasse
1781 304 1978 351 minime
2012 323 2118 353 conm

1155 376 1269 425 stet:
1307 374 1341 423 fi
1374 389 1531 423 tamen
1561 377 1644 424 hac
1668 376 1715 421 in
1735 370 1925 420 historia
1957 374 2120 439 proba„

1156 444 1328 494 bilibus
1345 445 1625 508 conjecsturis
1650 442 1765 491 stare
1787 456 2005 509 oporteat
2035 447 2123 499 (ut

1152 530 1343 584 oportet
1362 517 1584 581 quidem,
1613 511 1721 562 cum
1742 512 1859 562 adeo
1889 511 2031 561 densa
2049 533 2125 561 an-

1152 604 1323 634 norum
1341 587 1542 653 caligine
1574 581 1630 632 fit
1648 582 1880 632 obvoluta
1900 606 1910 631 :
1941 600 2051 630 narn
2067 582 2122 631 ab

1154 675 1254 705 aevo
1272 657 1587 711 Maximiani,
1606 655 1685 719 qui
1705 653 1874 702 floruit
1891 653 2013 700 circa
2029 671 2125 702 me-

1155 727 1290 774 dium
1319 723 1536 773 saeculum
1561 722 1745 771 sextum
1765 759 1781 780 ,
1811 723 1952 791 usque
1969 722 2027 770 ad
2042 742 2125 772 nos

1155 796 1381 847 undecim
1399 832 1414 853 ,
1442 798 1491 846 ὃ(
1509 796 1634 854 ultra
1654 790 1816 840 saecula
1835 794 2123 860 praeteriere)

1155 867 1204 915 id
1222 863 1328 913 satis
1349 869 1505 934 aperte
1522 863 1776 926 conjicitur
1790 899 1806 920 ‚
1833 882 1890 912 ex
1905 867 2002 926 ejus
2019 881 2126 930 prae-

1155 939 1297 1004 cipuo
1314 936 1520 1003 quodam
1534 935 1694 1005 genio,
1708 947 1846 1000 atque
1862 935 2007 980 animi
2024 951 2127 1000 pro-

1156 1005 1375 1081 pensione
1412 1007 1471 1056 ad
1499 1005 1644 1056 sacras
1669 1003 1804 1053 AEdes
1831 1003 2128 1060 excitandas,

1157 1092 1238 1125 aut
1258 1077 1485 1126 ornandas
1503 1115 1512 1125 .
1546 1072 1682 1125 Fabri
1702 1077 1831 1123 enim
1860 1075 1907 1120 in
1926 1071 2016 1120 suis
2046 1074 2125 1122 Sa-

1156 1152 1243 1198 cris
1268 1146 1506 1197 Memoriis
1523 1184 1538 1205 ,
1576 1165 1627 1195 ac
1657 1145 1866 1207 ejusdem
1888 1141 2128 1191 Antistitis

1158 1220 1305 1275 Vita,
1333 1216 1487 1285 ipsum
1516 1211 1690 1266 ornasse
1718 1212 1861 1263 refert
1879 1211 2125 1260 Basilicam

1158 1291 1201 1335 S.
1230 1288 1433 1336 Andreae
1463 1284 1718 1356 splendidis
1754 1287 1807 1331 iis
1837 1284 2072 1332 columnis
2104 1283 2129 1330 ὲ

1158 1374 1391 1407 marmore
1411 1359 1580 1406 Graeco
1596 1391 1612 1412 ,
1638 1372 1737 1419 quae
1753 1353 1904 1401 adhuc
1936 1366 2097 1401 extant
2117 1374 2126 1398 :

1158 1422 1401 1477 absolvisse
1420 1424 1724 1496 magnificum
1738 1420 2005 1489 AEdificium
2020 1422 2127 1468 Tri-

1159 1499 1299 1555 colli,
1327 1494 1422 1546 five
1437 1497 1729 1547 Canonicam
1745 1529 1760 1550 ,
1778 1514 1802 1541 a
1822 1489 2126 1560 Chrysologo

1157 1573 1256 1632 ejus
1278 1565 1603 1636 praedecessore
1620 1567 1884 1631 inceptam:
1911 1562 2127 1611 aedificas-

1157 1635 1202 1686 se
1227 1635 1481 1686 Ecclesiam
1509 1642 1550 1686 S.
1582 1636 1836 1705 Stephani,
1868 1634 2131 1699 aliamque.»

1160 1709 1421 1777 &joannis
1457 1708 1712 1760 decollati,
1749 1723 1848 1770 qua>
1880 1722 2002 1751 nunc
2033 1703 2142 1751 solo

1161 1778 1385 1846 prostrata
1407 1776 1495 1828 est:
1522 1780 1631 1825 alias
1650 1789 1870 1844 praeterea
1889 1775 2131 1842 plurimis,

1159 1846 1462 1917 pretiosisque
1483 1848 1686 1897 donariis
1706 1843 2133 1914 locupletaffe.Pro—

1159 1934 1317 1988 pterea
1338 1920 1541 1968 maxime
1562 1914 1817 1968 verisimile
1835 1916 2008 1977 est,hoc
2024 1933 2135 1983 quo·-

1159 2008 1250 2057 que
1272 1987 1541 2036 AEdificium
1567 1987 1622 2036 ab
1644 1984 1742 2054 ipso
1761 1988 1919 2056 aliqua
1945 1986 2010 2034 sui
2032 2004 2133 2054 par-

1160 2075 1206 2109 te
1237 2058 1546 2107 restauratum
1575 2054 1739 2114 fuilse,
1770 2072 1852 2107 aut
1879 2070 2133 2107 ornatum:

1158 2129 1276 2179 forte
1293 2130 1410 2178 vero
1428 2128 1943 2186 restaurationem,eam
1959 2125 2137 2175 scilicet

1160 2208 1374 2253 Arcuum
1390 2198 1783 2248 substruciionem
1798 2202 2137 2267 incepit,quam

1162 2291 1243 2321 nos
1263 2269 1400 2339 supra
1418 2273 1715 2318 narravimus
1735 2306 1750 2327 ,
1778 2272 1826 2320 ὃς
1846 2283 2000 2319 morte
2027 2286 2137 2337 prae-

1161 2357 1331 2393 ventus
1358 2342 1480 2390 haud
1501 2340 1732 2400 absolvit3
1763 2343 1888 2389 unde
1907 2339 2137 2408 Agnellus

1162 2419 1259 2477 ejus
1277 2414 1322 2459 in
1345 2411 1463 2461 Sede
1489 2408 1893 2480 Arcliiepiscopali
1913 2405 2138 2461 successor

1162 2482 1361 2534 eandem
1392 2483 1449 2532 ad
1469 2481 1685 2532 debitum
1713 2479 1855 2530 finem
1882 2480 2136 2550 perduxit:

1164 2574 1222 2608 ne
1242 2567 1400 2602 autem
1427 2555 1561 2616 hujus
1590 2551 1934 2602 restaurationis
1961 2567 2138 2598 memo-

1166 2628 1233 2674 ria
1258 2625 1464 2692 periret,
1500 2622 1712 2687 ejusdem
1740 2624 2025 2670 Maximiani
2051 2639 2134 2668 no-

1168 2712 1279 2745 men
1311 2695 1399 2742 hoc
1427 2698 1848 2761 Monogrammate
1880 2688 2102 2760 expressit
2124 2728 2140 2749 ‚

1164 2768 1354 2830 suurnq3
1370 2765 1563 2833 Agnelli
1586 2765 1808 2830 reliquit,
1821 2781 1877 2812 eo
1896 2763 2026 2830 quod
2041 2762 2137 2810 lau-

1165 2839 1403 2887 dem-cum
1422 2836 1571 2883 aliena
1590 2835 1767 2897 jacium
1786 2836 2053 2901 querere,&
2068 2852 2137 2890 ea,

1165 2926 1265 2976 quse
1284 2905 1365 2952 alii
1392 2903 1684 2954 seminassent
1699 2941 1714 2962 ‚
1747 2901 1924 2954 metere
1939 2943 1955 2965 ,
1983 2902 2138 2952 minus

1163 2994 1347 3044 aequurn
1370 2974 1685 3024 existimaret.
1713 2978 1884 3042 Neque
1905 2972 2139 3042 aliquibus

1164 3051 1213 3096 in
1240 3043 1557 3095 Ecclesiastica
1590 3044 1777 3094 historia
1801 3042 1954 3093 min-Cis
1974 3046 2138 3112 peritis

1164 3117 1408 3187 epitheton
1428 3116 1547 3164 illud
1567 3117 1865 3168 Beatitudinis
1882 3116 2137 3169 Maximia-

1165 3208 1224 3237 no
1247 3187 1533 3236 attributum
1553 3186 1731 3249 obstare
1749 3185 1901 3253 potest
1915 3222 1930 3242 ,
1957 3185 2067 3234 cum
2086 3199 2138 3234 ea

1163 3257 1440 3327 tempestate
1462 3259 1582 3304 inter
1596 3252 1850 3324 Episcopos
1869 3253 2135 3314 familiaris,

2087 3345 2137 3374 ac
