2425 3747
728 209 1236 264 CAPUT
1331 206 1531 263 XVII.

133 283 487 339 'christianorum
502 281 685 330 restitui
705 284 780 328 tua
796 286 913 337 cura,
928 297 976 328 ac
1001 281 1107 331 dili·

127 357 280 427 gentia
294 352 500 422 oportebit
513 387 523 398 .
541 350 600 401 Et
615 354 812 419 quoniam
826 351 960 401 iidem
974 353 1106 403 Chri-

128 427 275 476 asliani
289 425 519 490 nonsolirm
540 439 587 470 ea
608 425 698 471 loca
712 456 731 479 ,
764 426 812 470 in
835 420 981 490 quibus
1009 443 1105 472 con-

125 494 484 564 rvenirefhlebant
500 528 516 550 ,
540 492 627 562 sed
635 498 764 542 eciam
791 495 879 542 alia
889 493 1106 563 pffdiffi’

127 568 353 635 noscuntur
366 601 381 623 ,
417 583 499 632 quae
515 581 595 610 non
605 568 828 629 privatim
846 565 906 612 ad
905 567 1103 632 singulos

125 638 310 704 ipsorum
322 670 340 692 ,
362 635 449 703 fi'd
459 632 605 700 adjus
619 639 799 700 corporis
806 639 1105 701 pertinerent3

126 709 212 756 haec
225 709 370 754 omnia
385 704 488 771 poi?
502 706 633 772 legem
656 711 682 756 ᾱ
698 704 818 755 nobis
838 721 1107 755 memoratam

125 775 278 845 absque
293 777 385 825 ulla
410 773 677 825 dubitatione
702 777 854 845 iisdem
884 772 1105 828 Christia-

121 851 212 902 nis,
229 847 307 895 hoc
332 846 402 896 essi
417 844 592 894 cuilibet
606 852 768 913 corpori
782 884 797 906 ,
811 851 865 899 (9⁶
875 849 1106 898 conventi·

121 918 211 965 culo
227 918 412 987 ipsbrum
427 917 606 967 restitui
615 917 795 983 jubebis
811 954 821 965 .
844 920 955 967 Fere
974 917 1104 965 idem

119 990 296 1052 repetit
314 985 512 1054 ipsemet
539 985 765 1038 Eusebius
792 990 840 1035 in
857 992 963 1039 vita
989 990 1100 1040 Con·

1569 277 1578 286 .
1886 282 1894 289 ,
2038 236 2059 266 ¹
2069 236 2129 283 43

1159 292 1378 330 coetuum
1404 275 1784 330 Christianorum
1811 277 2003 330 aedificia
2035 300 2131 335 tra.

1158 349 1371 400 bendum
1404 346 1528 409 effe3
1563 366 1672 396 nam
1705 350 1892 418 egregie
1927 369 2010 418 pro
2040 358 2128 405 Ec-

1157 416 1294 469 clefia
1308 457 1325 479 ‚
1356 422 1406 470 ὃς
1427 421 1532 469 loco
1557 420 1705 473 Sacris
1732 421 1925 469 addicto
1943 457 1961 480 ,
1978 424 2133 491 expli..

1157 491 1286 538 cavit
1327 490 1526 539 Gabriel
1562 487 1618 537 ab
1653 488 1928 558 Aubespine
1964 494 2012 539 in
2048 494 2134 546 suo

1155 561 1386 610 Trastatu
1405 561 1474 611 De
1492 564 1691 629 Antiqua
1709 559 1896 631 Ecclestae
1920 562 2132 620 Politia„

1156 629 1237 679 lib.
1261 648 1305 677 2.
1335 632 1407 681 De
1432 631 1679 681 Eucharifi.
1705 649 1806 699 cap.
1824 641 1874 683 ὅ.
1892 639 1946 687 ff.
1972 651 2018 681 2.
2048 635 2130 686 ubi

1156 700 1325 749 eadem
1358 702 1649 749 Tertulliani
1683 699 1827 750 verba
1864 700 2044 763 refert,
2078 708 2131 759 ὃς

1157 771 1348 819 Gallico
1376 770 1606 820 idiomate
1634 771 2001 839 interpretatur.

1258 843 1361 890 Nec
1400 841 1596 889 minoris
1631 846 1869 891 momenti
1905 844 1971 892 est
2007 846 2128 896 illud

1157 908 1368 972 ejusdem
1398 912 1621 960 Dostoris
1639 929 1741 978 cap.
1771 928 1846 971 13.
1875 914 1945 964 De
1965 919 2130 965 ‘velan-

1153 981 1225 1030 dis
1259 982 1541 1050 Virginibus,
1570 980 1763 1032 abiait:
1801 987 1898 1035 Aut
1925 986 2127 1035 con-Uan-

120 1057 316 1107 §tantini
340 1056 424 1105 lib.
458 1076 504 1105 2.
530 1075 632 1126 cap.
655 1074 734 1118 39.
766 1078 849 1122 40.
879 1060 1030 1121 &41.
1058 1059 1095 1104 E
1150 1068 1216 1099 ter
1248 1054 1431 1103 audeant
1464 1058 1513 1102 in
1546 1057 1670 1103 vicis
1704 1061 1909 1125 ‘virgines
1939 1057 2129 1117 videri,

117 1124 289 1193 quibus
317 1127 414 1176 haec
445 1127 542 1177 duo
575 1126 858 1196 apertiffim&
890 1129 1093 1178 eliciun-
1129 1122 1249 1191 ficut
1274 1124 1429 1174 audent
1454 1129 1503 1172 in
1531 1124 1755 1193 Ecclcfiis.
1794 1123 1984 1194 Qubus
2015 1144 2126 1176 ver·-

118 1209 198 1244 tur
219 1231 235 1254 ,
269 1196 532 1247 videlicet:
568 1200 595 1246 ὲ
619 1200 816 1265 privatis
846 1197 1061 1246 distin&a
1076 1233 1093 1255 ,

119 1268 487 1333 communiaque
517 1265 715 1318 delubra
743 1264 876 1316 fuisse
915 1267 1091 1317 Christi

117 1334 388 1397 Fidelibus;
413 1337 575 1388 &non
594 1339 771 1387 recenti
796 1335 988 1387 Caesaris
1005 1338 1092 1386 do-

115 1423 206 1465 nor,
233 1402 315 1456 sed
331 1405 455 1469 justo
478 1408 638 1475 aliquo
661 1409 803 1457 titulo
821 1407 978 1456 multo
992 1414 1091 1473 jam

115 1489 226 1525 ante
257 1473 482 1544 acquisita
508 1514 526 1539 ,
563 1476 843 1547 diutinoque
872 1478 1090 1529 dominio

110 1541 332 1615 poffessa.
750 1592 753 1593 a

129 1653 131 1655 -
187 1612 377 1666 Verum
403 1619 498 1667 alio
526 1637 608 1667 nos
630 1619 775 1668 trahit
799 1620 1092 1688 praecipuum

114 1683 474 1754 disceptationis
498 1687 691 1751 hujusce
720 1694 1053 1757 argumentum
1074 1724 1091 1748 ,

112 1752 372 1823 suadetque
401 1761 495 1820 jam
526 1757 720 1808 tandem
752 1758 969 1827 suprema
995 1756 1090 1806 fra·

113 1838 244 1874 trum
260 1827 576 1875 alienatorum
597 1826 820 1896 confugia
839 1827 1087 1878 demoliri.

111 1892 341 1943 Ecclefias
365 1897 661 1962 (inquiunt)
693 1900 913 1963 primaevi
929 1900 1089 1946 Patres

112 1966 334 2014 unanimi
361 1983 482 2015 voce
497 2001 513 2024 ,
540 1985 592 2014 ac
609 1963 741 2015 sensu
757 1965 921 2015 dixere
939 1979 1091 2016 coetus

109 2034 382 2093 Fidelium,
412 2034 720 2104 ipsorumque
750 2036 797 2083 in
816 2053 966 2085 unum
985 2054 1091 2086 coe·

113 2107 306 2153 untium
325 2106 777 2173 aggregationem,&
794 2108 925 2156 aliud
943 2108 1093 2174 quod·

110 2192 298 2243 cunque
334 2174 505 2224 ientire
536 2178 803 2225 maximum
839 2175 964 2227 nefas
998 2177 1089 2227 est.

109 2248 422 2315 Qaproptei·
456 2264 539 2294 nos
576 2265 669 2295 non
702 2263 905 2315 parvum
938 2265 1092 2315 operae

109 2319 322 2386 pretium
338 2314 438 2366 fore
456 2315 765 2374 confidimus,
787 2315 822 2364 fi
842 2318 1091 2367 coacerva·

108 2387 233 2435 vatis
251 2387 446 2437 Patrum
462 2383 692 2456 suffragiis
717 2406 770 2435 ac
786 2386 1087 2447 testimoniis,

110 2472 207 2504 non
225 2454 409 2525 semper
442 2476 526 2526 pro
555 2471 715 2515 coetu,
742 2458 793 2507 ὃς
817 2471 1090 2517 conventu,

108 2522 193 2574 sed
234 2543 319 2593 pro
359 2524 567 2595 ipsismet
606 2526 782 2578 aedibus
807 2563 825 2586 ‚
867 2530 917 2580 &
953 2527 1090 2578 sacris

109 2595 320 2645 molibus
343 2631 360 2655 ,
395 2595 453 2645 ab
491 2596 661 2647 iisdem
693 2599 874 2667 accipi,
908 2618 962 2649 ac
989 2600 1085 2649 dici

109 2664 338 2717 Ecclefias
359 2665 657 2717 ostendamus
670 2703 682 2716 .

114 2773 117 2777 -
180 2738 511 2788 Tertullianus
531 2738 601 2789 De
614 2738 841 2797 Pudicitia
856 2736 1084 2807 cap.4.s1c

111 2809 326 2876 loquitur
344 2829 356 2857 :
383 2809 592 2879 Reliquas
610 2805 751 2858 autem
765 2810 1000 2861 libidinum
1003 2808 1084 2880 su·

111 2884 201 2932 rias
222 2883 381 2945 impias
410 2883 466 2931 ὼ·
494 2885 543 2931 in
571 2896 766 2948 corpora,
796 2882 852 2934 ὠ·
872 2887 920 2930 in
932 2883 1085 2952 senfits

112 2953 229 3001 ultra
236 2956 347 3016 jura
372 2967 555 3009 naturae,
579 2971 661 3001 non
681 2952 799 3002 modo
814 2954 967 3003 limine
978 2952 1088 3020 ,fid

110 3026 227 3071 omni
245 3021 428 3090 Ecclefiae
444 3021 551 3072 tec‘io
556 3021 860 3092 submovemus
876 3059 886 3071 .
915 3024 1081 3091 Qem

114 3094 236 3141 tanti
272 3094 365 3140 viri
399 3089 756 3142 sermonem-ne·
790 3095 1082 3161 metaphori-

113 3177 224 3209 cum
256 3175 386 3231 putes
411 3199 428 3221 ,
464 3161 667 3229 ideoque
692 3162 840 3214 limen
872 3164 1081 3213 testum-

114 3249 204 3301 que
218 3263 236 3290 ,
263 3230 569 3284 aedificiiveri
586 3244 777 3304 partes-,⁷
796 3234 856 3285 ad
869 3232 1079 3303 mystica

1148 1194 1215 1240 bis
1235 1189 1444 1261 profecto
1465 1193 1766 1263 perspicuum
1784 1198 1865 1252 est,
1878 1195 2004 1243 hunc
2022 1200 2128 1245 Au-

1147 1263 1330 1313 ctorem
1356 1266 1517 1315 locum
1539 1266 1646 1313 ioco
1672 1265 1985 1332 aequiparare,
2014 1264 2125 1315 cum

1143 1330 1331 1383 suadeat
1352 1336 1607 1402 jubeatque
1628 1334 1915 1401 Virginibus
1937 1369 1954 1391 ,
1993 1335 2126 1401 quod

1141 1401 1263 1452 ficut
1300 1406 1346 1452 in
1378 1406 1628 1464 Eccleiiis‚
1668 1402 1786 1452 idest
1812 1405 1862 1451 in
1890 1405 2007 1452 locis
2036 1408 2128 1458 in.,

1143 1492 1244 1541 quae
1267 1474 1327 1524 ad
1345 1479 1483 1525 Sacra
1509 1476 1807 1525 conveniunt
1825 1509 1841 1532 ‚
1874 1475 2128 1542 virginita-

1145 1558 1204 1593 tis
1228 1548 1555 1596 conditionem
1577 1583 1593 1605 ,
1626 1564 1678 1594 ac
1699 1545 1841 1594 decus
1869 1542 2126 1608 affectant3

1144 1617 1211 1664 ita
1234 1620 1421 1684 quoqu}
1456 1618 1612 1685 palam
1646 1619 1694 1663 in
1725 1616 1841 1664 vicis
1859 1651 1875 1672 ,
1904 1616 1957 1666 &
1984 1614 2128 1665 semi-

1144 1688 1203 1733 tis
1227 1688 1374 1737 Urbis
1388 1722 1405 1743 ‚
1430 1685 1602 1734 debere
1622 1683 1668 1733 se
1687 1688 1896 1752 virgines
1913 1688 2052 1752 gravi
2072 1688 2124 1737 ὅτ,

1144 1752 1344 1803 incessus
1364 1757 1416 1806 ὃς
1443 1755 1696 1807 oculorum
1723 1752 1982 1813 modestia,
2018 1774 2125 1804 cor-

1144 1822 1364 1894 porisque
1397 1828 1545 1874 totius
1576 1822 1741 1873 habitu
1774 1824 1825 1875 &
1850 1822 1985 1891 gestu
2012 1844 2122 1894 pro.

1145 1899 1253 1942 bare
1275 1930 1286 1940 .

1215 1964 1333 2011 Tria
1362 1965 1588 2033 praeterea
1613 1998 1630 2021 ,
1665 1980 1766 2028 quae
1800 1961 1936 2011 nobis
1966 1968 2120 2013 maxi-

1146 2033 1220 2082 me
1248 2032 1413 2082 favent
1432 2070 1448 2092 ,
1485 2034 1509 2081 ὲ
1543 2036 1602 2079 D.
1632 2035 1871 2100 Cypriani
1900 2034 2123 2101 operibus

1146 2117 1377 2152 eruuntur
1409 2138 1420 2149 .
1459 2104 1674 2150 Primum
1709 2119 1767 2151 ex
1798 2101 2007 2172 Epistola
2037 2121 2119 2166 55.

1143 2175 1202 2222 ad
1220 2176 1463 2226 Cornelium
1480 2207 1497 2232 ‚
1528 2170 1587 2220 de
1605 2176 1896 2229 Fortunato,
1922 2174 1973 2224 &
1993 2177 2120 2224 Feli·

1144 2246 1326 2293 cifflmo
1343 2280 1359 2303 ‚
1395 2242 1493 2292 five
1513 2256 1676 2290 contra
1700 2243 1995 2302 Haereticos,
2034 2245 2120 2294 ubi

1145 2317 1424 2382 Cyprianus
1461 2315 1507 2361 in
1542 2330 1620 2361 eos
1662 2313 1884 2363 invehens
1920 2314 2078 2380 inquit
2105 2335 2121 2365 τ

1144 2386 1459 2454 Deniquequia
1474 2385 1776 2452 conscientiam
1784 2386 1913 2453 sitam
1929 2400 2090 2433 norunt
2101 2420 2120 2444 ,

1144 2475 1217 2504 nec
1241 2475 1312 2505 nos
1330 2457 1488 2506 audent
1506 2455 1628 2504 adire
1644 2488 1660 2510 ,
1688 2472 1763 2503 nec
1778 2456 1839 2504 ad
1851 2453 2040 2522 Ecclefiae
2055 2458 2116 2506 li·-

1142 2542 1235 2575 men
1260 2527 1452 2576 accedere
1467 2560 1479 2572 .
1507 2524 1642 2592 Qid
1659 2523 1812 2591 quaeso
1834 2525 1917 2573 ista
1937 2542 2035 2574 vox
2056 2528 2116 2576 li-

1137 2615 1231 2647 men
1257 2595 1388 2646 sonat
1409 2607 1668 2661 notatque,
1697 2592 1784 2643 nisi
1816 2594 2029 2662 lapidem
2058 2597 2116 2643 il-

1137 2668 1239 2718 lum
1265 2666 1560 2734 oblongum,
1589 2666 1670 2731 qui
1694 2666 1741 2712 in
1773 2659 1975 2733 ingressu
2003 2682 2114 2733 por-

1137 2751 1292 2787 tarum
1315 2739 1340 2787 ὲ
1367 2733 1632 2785 transverso
1650 2732 1906 2784 substratus
1929 2737 2114 2804 Hypo·

1135 2809 1358 2876 thyrium
1377 2807 1554 2856 dicitur
1570 2841 1586 2864 ,
1613 2806 1971 2873 opponiturque
1991 2809 2111 2873 Hy-

1137 2878 1420 2948 perthyrio?
1451 2873 1556 2925 Nifi
1577 2880 1779 2925 eandem
1809 2877 1859 2923 in
1876 2871 2111 2924 absurdis·

1134 2948 1268 3000 fimas
1286 2985 1302 3008 ,
1333 2949 1383 2998 ἃ
1404 2943 1588 3016 prorsus
1616 2948 1798 3015 ineptas
1823 2948 2108 3014 interpreta-

1135 3023 1287 3070 tiones
1316 3016 1609 3086 distorquere
1632 3019 1867 3075 velimus,
1893 3018 2020 3066 certe*
2049 3011 2110 3061 ad

1134 3090 1398 3141 materialis
1411 3086 1596 3141 aedificii
1611 3093 1805 3152 januam
1825 3083 2112 3135 referenda..

1132 3161 1199 3214 est
1216 3197 1228 3210 .

1201 3233 1463 3291 Alterum,
1492 3229 1621 3299 quod
1654 3246 1713 3279 ex
1741 3223 1993 3295 Cypriane
2023 3221 2108 3342 ‹lig-

2001 3311 2031 3363 P
2089 3317 2107 3330 .
