2425 3747
332 250 526 383 {signam
555 317 571 367 3
607 325 724 376 quos
759 307 943 374 duplici
986 304 1146 351 colore
1179 300 1321 349 arbor

339 384 635 453 pingit3uno
663 377 841 426 Rosam
870 376 1124 429 imitante,
1141 391 1198 421 ex
1226 389 1320 438 quo

338 471 516 504 corona
542 451 796 514 Antenoja3
831 446 983 493 altero
1011 461 1196 512 cyaneo
1218 459 1320 511 per-

340 523 513 578 simili,
528 538 587 568 ex
604 537 697 585 quo
720 517 881 568 Lotina
898 551 908 561 .
923 515 1067 563 Lotos
1093 513 1176 562 ista
1202 511 1318 561 aesti·

336 609 402 645 vo
421 607 634 656 tempore
661 585 826 636 affluit
855 584 1189 634 Alexandriae:
1228 586 1315 632 in.‚

341 667 550 731 AEgypto
579 660 708 708 enim
730 656 891 727 paffim
912 657 1151 705 attollitur
1167 692 1177 703 .
1208 657 1315 715 Ha<-

340 735 541 784 bebatur
573 731 763 797 quoque}
801 745 976 776 corona
1007 726 1314 795 Hypoglottis,

335 804 431 875 qua
455 817 680 867 tanquam
704 797 862 848 froeno
877 796 1133 847 utebantur
1162 796 1220 844 ad
1238 798 1312 845 lo-

336 875 630 945 quacitatem
648 869 901 919 arcendam
914 904 929 925 ‚
946 870 1227 936 plerumque
1245 868 1314 913 in-

337 960 410 997 tet
430 943 600 1013 pocula
618 943 734 990 oriri
765 938 955 988 solitam
974 974 985 984 .
1010 941 1202 987 Corona
1219 937 1314 985 haec

338 1038 398 1069 ex
423 1012 726 1063 Pastillorum
747 1007 894 1058 massa
922 1007 1169 1077 compacta
1188 1020 1314 1057 erat:

340 1083 670 1158 Hypoglottides
703 1083 832 1130 enim
858 1079 1029 1148 pastilli
1060 1076 1196 1138 sunt,
1233 1077 1315 1127 seu

338 1155 576 1225 catapotia
604 1151 663 1201 ad
693 1149 854 1200 tuffim
872 1163 1177 1217 comparata,
1213 1167 1314 1215 quae

339 1232 512 1298 linguae
546 1221 880 1292 supponuntur
900 1257 911 1268 .
948 1222 1103 1270 Moris
1139 1222 1318 1289 pariter

338 1314 442 1350 erat
468 1295 541 1345 uti
571 1291 745 1343 corona
769 1328 785 1350 ,
823 1310 923 1358 quae
950 1290 1201 1340 dicebatur
1222 1290 1318 1357 Hy-

331 1370 588 1440 pothymis:
624 1366 674 1415 &
705 1366 797 1412 haec
828 1363 953 1411 collo
982 1360 1181 1430 appensa
1210 1378 1318 1429 pro-

338 1437 625 1492 tendebatur
641 1434 699 1483 ad
722 1433 882 1503 pestus
896 1467 912 1489 ,
948 1430 1197 1481 venustate
1225 1430 1317 1480 flo-

340 1528 478 1566 rum,
499 1505 800 1572 odorumque
819 1502 1053 1552 suavitate
1073 1519 1318 1552 commen-

338 1578 512 1632 dabilis
528 1598 543 1638 3
579 1575 638 1625 de
658 1594 749 1643 qua
768 1575 1044 1622 Plutarchus
1061 1575 1095 1624 S
1083 1573 1317 1643 ympfflac·

343 1668 387 1711 3.
405 1652 454 1699 ὃ(
469 1648 697 1695 meminit
712 1644 921 1695 Ovidius
937 1645 1059 1694 Fari.
1078 1645 1216 1691 lib.2.

406 1719 513 1768 Ecce
539 1732 689 1762 nurum
720 1715 859 1781 Regis
871 1709 987 1780 fitsts
1000 1725 1081 1776 per
1108 1712 1219 1761 colla
1244 1729 1314 1758 co-

478 1788 600 1835 ronis

442 1856 692 1909 Inveniam
709 1853 846 1924 pofito
870 1853 1146 1920 pervigilare
1174 1870 1284 1901 mero
1302 1886 1316 1897 .

407 1929 629 1994 Plerique
650 1926 768 1972 vero
787 1960 803 1981 ,
822 1922 1081 1991 praesertim
1102 1922 1285 1970 Rustici
1303 1955 1319 1978 ,

338 2000 551 2055 Amerina
572 1998 712 2065 fillice
743 1991 1094 2043 coronabantur
1122 2028 1138 2049 ‚
1174 2008 1321 2059 quam

338 2073 508 2120 videre
527 2067 591 2116 est
604 2069 651 2114 in
666 2067 766 2133 Fig.
777 2067 932 2125 5.Nec
947 2062 1147 2111 deerant
1162 2063 1243 2128 qui
1263 2079 1322 2111 ex

339 2144 461 2205 ,Apio
478 2154 672 2187 coronas
692 2136 944 2204 gestarent,
960 2134 1010 2183 ὃς
1028 2130 1321 2180 laetiffimum

338 2211 524 2260 Baccho
552 2204 757 2263 festum,
793 2205 1175 2269 conviviumque
1206 2221 1320 2251 con-

337 2277 639 2330 celebrarent
658 2312 674 2334 ,
711 2279 759 2324 in
780 2293 875 2341 quo
895 2273 1175 2322 Aristoteles
1200 2274 1321 2321 nihil

339 2351 572 2400 mutilum
602 2349 708 2396 Diis
737 2343 896 2395 offerri
929 2342 1103 2393 debere
1133 2340 1322 2403 adserit,

338 2419 421 2472 sed
441 2420 571 2487 quod
586 2420 827 2486 integrum
849 2413 904 2463 fit
919 2451 935 2474 ‚
951 2433 1003 2462 ac
1026 2411 1287 2482 perfectum
1305 2435 1320 2475 3

340 2493 486 2557 idque
505 2507 601 2538 non
621 2487 706 2536 nili
727 2488 913 2536 coronis
932 2483 1086 2554 aptius
1117 2482 1216 2532 fieri
1238 2502 1319 2552 po-

339 2565 456 2619 tuit,
471 2578 572 2626 quae
593 2556 945 2627 plenitudinem
960 2590 975 2614 ,
996 2574 1048 2602 ac
1069 2554 1320 2621 perfectio-

344 2649 454 2698 nem
474 2626 737 2697 fignificant
752 2663 769 2686 ,
788 2641 843 2675 ut
859 2626 998 2695 supra
1015 2623 1322 2673 ostendimus.

416 2702 518 2750 Has
545 2735 561 2758 ,
598 2697 805 2764 aliasque
833 2713 1120 2746 coronarum
1148 2693 1325 2762 species

344 2773 395 2819 in
413 2771 652 2818 conviviis
666 2805 682 2827 ,
707 2770 759 2820 ὃς
776 2768 1028 2836 epularum
1049 2766 1188 2814 initio
1208 2784 1323 2814 con-

344 2841 475 2890 vivis
500 2836 668 2887 offerre
695 2838 891 2889 solitum
913 2850 1042 2894 erat,
1070 2848 1123 2882 ut
1152 2835 1324 2885 descri-

346 2910 420 2960 bit
439 2910 726 2958 Phi10xenus
744 2906 1187 2975 Dithyramborum
1207 2904 1322 2955 scri-

348 2994 457 3051 ptor
484 2981 533 3027 in
550 2996 693 3047 opere
708 3014 724 3035 ‚
741 2981 818 3026 cui
846 2980 1014 3026 titulus
1029 2980 1182 3036 Coena,
1199 2978 1326 3047 apud

347 3051 638 3101 Athenaeum
655 3046 738 3097 lib.
752 3066 769 3095 1
785 3064 828 3107 5.
842 3066 942 3115 cap.
955 3067 971 3095 1
986 3069 1029 3096 0.
1055 3049 1321 3118 Dipnosbph.

352 3122 423 3170 his
456 3118 616 3169 verbis
646 3139 658 3167 ε
708 3116 829 3167 Kome}
855 3117 981 3179 χειςδς
1012 3117 1058 3163 AV
1083 3117 1188 3168 ἤλυθ’
1223 3119 1322 3182 §3223

347 3191 514 3240 εἶπὀιλός
531 3188 797 3257 ‘rr'oqNo-u&
814 3196 853 3236 οἷν
871 3186 1044 3251 σι’ςγυςέᾳ
1059 3189 1227 3251 ’τι-’ξοχὸῳ
1250 3187 1324 3243 φζ-

355 3282 419 3327 ξων
437 3259 648 3325 ξτῖχόῖαεν
667 3303 676 3314 ,
703 3258 774 3310 εἶτ’
791 3260 894 3324 ε”φεξε
927 3259 1214 3313 §zamae-3330&
1232 3259 1324 3309 ’ὸξπό

746 230 1182 290 VETERA
1260 226 1953 282 MONIMENTA

1371 299 1584 346 Mum-shut
1604 332 1615 344 .
1653 292 1847 358 ὢαὶγυῖν
1890 293 2030 348 molam
2073 297 2340 350 miswfifflcv,

1373 372 1501 437 Aqua
1517 372 1731 420 lavandis
1746 369 1942 420 manibus
1960 371 2094 417 allata
2113 370 2181 417 ef}
2192 390 2203 418 ε
2235 373 2342 420 mol-

1371 443 1572 511 liusculus
1592 444 1760 508 puellus
1785 457 1980 511 argenteo
1997 457 2120 509 gatto
2144 459 2262 507 quem
2279 458 2342 489 te-

1372 513 1498 561 nebat
1525 512 1713 583 affudit,
1742 513 1987 580 coronasque
2015 513 2170 560 deinde
2203 512 2344 561 adve-

1368 588 1444 632 xit
1473 599 1648 642 tenues,
1677 589 1699 632 ὲ
1707 589 1834 648 puris
1865 587 1999 652 myrti
2027 588 2163 632 ramis
2195 601 2345 652 magno

1366 654 1507 704 labore
1525 670 1745 704 contextas
1758 689 1769 700 .
1787 654 2242 721 Compotationibus
2258 671 2343 704 ve-

1365 728 1420 775 ro
1459 721 1793 790 conviviisque
1823 725 2151 791 importunam
2184 725 2342 775 existi-

1365 809 1558 845 marunt
1572 811 1800 845 coronam
1815 792 2025 843 Lauream
2039 831 2055 852 ,
2077 795 2341 846 exhibitam

1366 870 1415 916 in
1444 868 1546 933 Fig.
1569 885 1617 929 4.
1656 880 1761 913 tum
1788 879 1984 933 propter
2017 862 2343 927 caliditatem,

1366 936 1458 1006 qua
1484 938 1642 984 laurus
1662 934 1900 993 inficitur,
1935 948 2040 982 tum
2061 933 2123 983 ob
2145 941 2345 987 acrimo-

1366 1011 1496 1057 niam
1516 1006 1676 1056 odoris
1692 1042 1708 1063 ,
1737 1023 1839 1073 quae
1859 1007 2002 1073 capiti
2023 1007 2232 1055 maxime
2256 1027 2344 1057 no·-

1367 1093 1456 1129 cet.
1470 1079 1751 1129 Amaraceam
1770 1077 1955 1142 quoqu&
1975 1093 2222 1134 coronam,
2237 1096 2346 1126 nec-

1369 1168 1462 1200 non
1483 1151 1722 1201 Violaceam
1743 1146 2105 1214 improbarunt,
2123 1148 2222 1194 imo
2241 1166 2344 1199 om-

1369 1240 1431 1271 ne·
1456 1219 1636 1269 florum
1670 1221 1720 1269 &
1738 1215 1986 1265 frondium
2002 1235 2149 1285 genus
2166 1253 2183 1274 ‚
2217 1220 2346 1285 quod

1372 1293 1515 1341 nimis
1555 1293 1740 1346 oleret,
1775 1289 1827 1338 &
1860 1290 2005 1356 capiti
2037 1285 2227 1337 officere
2261 1308 2347 1359 po-

1371 1357 1531 1412 tuisset
1553 1397 1564 1407 .

1441 1431 1690 1482 Hactenus
1718 1428 1778 1478 de
1797 1429 2160 1477 convivalibus:
2198 1430 2347 1478 modo

1369 1503 1432 1553 ad
1452 1520 1527 1552 eas
1544 1519 1739 1551 coronas
1755 1498 1959 1569 gradum
1977 1496 2203 1547 faciamus
2216 1535 2232 1556 ,
2248 1518 2349 1566 quae

1371 1575 1561 1624 honoris
1580 1570 1717 1621 causa
1733 1569 1968 1619 dabantur
1986 1583 2085 1617 tam
2120 1571 2168 1616 in
2185 1572 2348 1637 Gym-

1371 1646 1490 1694 nicis
1513 1638 1876 1696 certaminibus,
1892 1638 2086 1705 aliisque
2109 1640 2350 1705 ἵρεὲὶῃςῃ-

1369 1717 1426 1761 lis
1451 1748 1466 1769 ,
1493 1715 1637 1777 quam
1672 1711 1820 1759 etiam
1858 1710 1906 1754 in
1940 1707 2099 1757 bellis.
2139 1712 2198 1757 In
2227 1712 2354 1759 ludis

1367 1790 1465 1849 jam
1502 1784 1528 1831 ὲ
1554 1780 1731 1830 Thesei
1759 1777 2055 1847 temporibus
2083 1780 2354 1829 invaluerat

1371 1850 1664 1902 consuetudo
1680 1887 1697 1910 ,
1734 1849 1962 1898 ludorum
1983 1851 2190 1899 victores
2210 1869 2350 1900 coro-

1372 1922 1516 1972 nandi
1538 1924 1708 1988 palmis
1724 1923 1771 1967 in
1792 1922 1936 1968 Creta
1956 1918 2135 1977 insula,
2153 1919 2233 1968 ubi
2256 1919 2353 1989 ipse

1374 1994 1489 2043 Deli
1511 1991 1648 2041 ludos
1664 1988 1894 2038 instituit.
1925 1989 2202 2057 Theagenes
2222 1990 2352 2038 Tna-

1374 2064 1465 2113 fius
1483 2059 1593 2110 cum
1612 2058 1765 2117 iusta,
1781 2060 1832 2109 ὃ(
1849 2056 2005 2118 cursu,
2021 2061 2354 2129 pugillatuque

1375 2137 1425 2182 in
1441 2133 1721 2201 Olympicis
1735 2128 2042 2188 excelluiffet,
2057 2132 2192 2179 mille
2206 2133 2255 2181 ὃ(
2271 2136 2354 2180 du-

1374 2217 1531 2254 centas
1551 2219 1749 2252 coronas
1767 2203 1975 2248 lucratus
1993 2201 2354 2251 est.Antoninus

1374 2275 1625 2326 Caracalla
1652 2277 1922 2339 Imperator
1945 2269 2108 2339 saepius
2135 2273 2182 2319 in
2212 2291 2352 2339 eque-

1373 2344 1545 2394 stribus
1574 2340 1913 2392 certaminibus
1946 2338 2084 2410 supra
2123 2343 2240 2391 alios
2276 2345 2353 2391 vi-

1373 2417 1498 2473 ctor,
1513 2429 1803 2463 coronarum
1823 2413 2020 2478 praemio
2039 2414 2241 2461 donatus
2261 2413 2327 2462 est
2341 2451 2352 2460 .

1444 2489 1494 2537 A
1514 2482 1709 2534 ludicris
1726 2481 2067 2531 certaminibus
2085 2482 2253 2533 edocta
2272 2501 2355 2552 po-

1374 2555 1587 2611 steritas,
1622 2552 1728 2601 suos
1756 2551 1929 2601 deinde
1954 2554 2133 2602 milites
2164 2552 2227 2601 ob
2264 2556 2353 2601 ali-

1377 2625 1506 2694 quod
1532 2639 1762 2691 magnum
1789 2623 1836 2669 in
1866 2621 1991 2672 bello
2017 2637 2259 2691 patratum
2284 2623 2353 2671 fa-

1376 2697 1510 2745 cinus
1539 2694 1818 2750 coronavit,
1847 2706 1901 2740 ut
1929 2695 2068 2741 unius
2099 2695 2351 2760 praemium

1375 2767 1480 2814 aliis
1497 2764 1555 2813 ad
1570 2765 1774 2834 gloriam
1792 2780 1880 2830 pro
1896 2763 2065 2810 calcari
2083 2762 2348 2812 inserviret.

1376 2838 1447 2885 Ex
1479 2832 1670 2885 diverso
1704 2846 1867 2882 autem
1896 2835 2118 2901 praeclaro
2139 2830 2348 2885 facinore

1374 2905 1571 2957 diversae
1603 2903 1839 2954 dabantur
1864 2921 2076 2953 coronae:
2112 2921 2222 2952 nam
2246 2906 2350 2954 aliae

1374 2981 1547 3030 Civicae
1563 3012 1579 3034 ,
1615 2976 1716 3024 aliae
1748 2973 1951 3025 Murales
1966 3010 1982 3032 ,
2003 2975 2102 3022 aliae
2137 2977 2348 3035 Vallares,

1376 3049 1478 3096 aliae
1506 3047 1703 3097 demum
1720 3044 1953 3102 Navales,
1986 3046 2186 3104 Oeenses,
2218 3046 2346 3115 Obst-

1374 3119 1564 3168 dionales
1580 3153 1596 3175 ,
1627 3133 1674 3164 ac
1705 3114 2004 3183 Triumphales
2030 3114 2313 3165 dicebantur
2334 3153 2344 3164 .

1374 3192 1538 3242 Civica
1571 3186 1891 3256 utplurimum
1925 3199 2026 3235 erat
2060 3204 2119 3234 ex
2148 3203 2344 3253 quercu,

1374 3257 1494 3309 ficut
1519 3258 1683 3309 videre
1704 3257 1771 3308 est
1798 3261 1846 3307 in
1863 3260 2033 3326 Figura
2049 3265 2099 3321 οῗ.
2131 3256 2345 3325 quando-

2245 3343 2337 3392 que
