2425 3747
351 244 445 297 238

343 330 394 358 ac
420 308 696 358 honorarius
715 309 881 355 titulus
898 302 1009 365 esset
1025 341 1040 362 ,
1061 318 1114 351 ut
1133 323 1190 352 ex
1208 306 1317 351 San-

341 382 406 431 ffi
436 377 691 448 Augustini
726 376 917 443 Epistol.
951 379 1042 426 xi.
1075 375 1315 425 LXXVI.

344 453 643 502 CXXXIX.
669 448 718 496 ὅ(
735 443 900 514 paffim
923 444 1047 513 apud
1068 445 1182 494 alios
1199 447 1318 493 anti·

343 540 458 590 quos
477 521 735 587 Scriptores
752 515 942 564 elicitur
956 550 968 570 .‚

484 628 857 712 cAPUT
933 660 1175 710 xxvi,

343 804 410 855 De
429 801 645 849 oratoriis
659 798 692 848 S
694 798 728 847 S
733 834 741 842 .
757 797 1006 865 Joannium
1021 798 1250 865 Βαρῑίἕῖιε,
1264 803 1319 845 (Υ

411 870 712 939 Evangeliflae
729 869 779 915 ἰή
798 867 1314 939 LateranenstBaptisse÷

409 946 501 990 rio:
540 959 587 988 ac-
607 937 816 1007 Mustvis
843 938 1032 1006 operibus
1058 946 1106 989 in
1127 941 1314 1007 iisdefm.

414 1012 637 1060 Oratoriis
654 1043 670 1065 ,
706 1009 865 1058 Hilaro
885 1012 1004 1076 Papa
1007 1011 1193 1076 jubente
1204 1045 1220 1067 ,
1241 1025 1318 1057 an-

415 1100 465 1129 no
481 1089 599 1145 462.
621 1078 844 1129 elaboratis
867 1113 878 1127 0

488 1223 652 1273 Oelius
666 1225 807 1270 Mons
822 1221 933 1270 licet
953 1241 1008 1273 eo
1025 1216 1317 1291 potiffimcim

504 1294 647 1340 titulo
668 1290 949 1341 venerabilis
971 1292 1027 1341 sit
1042 1329 1057 1350 ,
1073 1290 1199 1359 quod
1219 1291 1316 1338 uni-

340 1367 533 1417 verialis
570 1359 785 1410 Ecclesiae
840 1365 1103 1430 principem
1151 1362 1310 1409 cathe-.

342 1437 478 1485 dram
494 1432 657 1494 fulciat
674 1468 688 1488 ,
705 1431 944 1500 dignitatis
962 1447 1118 1481 tamen
1136 1430 1223 1479 suae
1243 1444 1313 1478 te-

340 1505 558 1555 stimonia
591 1504 735 1550 etiam
770 1504 815 1547 in
847 1502 1108 1551 minoribus
1140 1499 1316 1549 sacellis

342 1573 521 1645 profert
542 1569 822 1639 amplissima
838 1608 848 1617 .
864 1573 1084 1638 Qiatuor
1101 1571 1216 1618 mihi
1238 1569 1316 1619 de-

340 1642 588 1694 scribenda
608 1641 754 1689 mocio
773 1639 879 1701 sunt
898 1643 1120 1692 Oratoria
1147 1639 1203 1687 ab
1223 1642 1313 1688 Hi-

340 1718 440 1766 laro
465 1709 752 1761 sanstiffimo
774 1711 1001 1760 Pontifice
1024 1710 1087 1758 ibi
1112 1707 1316 1757 constru÷

339 1787 414 1836 &a
429 1821 443 1842 ,
461 1800 665 1851 quorum
684 1782 905 1829 meminit
923 1780 1314 1829 Bibliothecarius

341 1859 387 1903 in
417 1854 629 1919 ejusdem
655 1848 891 1900 Pontificis
916 1854 1042 1900 vita.
1077 1852 1314 1912 Adjacent

340 1924 422 1974 ista
446 1960 461 1982 2
502 1922 598 1971 imo
615 1958 630 1980 ‚
667 1935 720 1969 ut
746 1920 903 1971 verius
932 1922 1088 1971 dicam
1109 1958 1124 1979 ‚
1162 1918 1315 1967 insunt

340 1997 493 2044 veluti
518 1992 799 2061 appendices
817 1992 1026 2058 quaedam
1042 2029 1058 2049 ,
1087 1989 1312 2058 Baptiste·

340 2068 412 2114 rio
429 2060 726 2112 Lateranenfi
742 2097 758 2118 ,
780 2063 895 2110 Divi
920 2064 1107 2130 Ioannis
1122 2062 1315 2109 nomine

340 2134 398 2184 ab
416 2152 593 2182 annexa
612 2130 804 2179 Basilica
820 2147 1091 2200 nuncupato
1108 2168 1117 2178 .
1132 2133 1315 2178 Exeun-

341 2204 465 2254 tibus
484 2222 541 2252 ex
563 2204 642 2250 illa
667 2197 867 2249 Basilicae
888 2207 1023 2263 janua
1039 2239 1054 2260 ,
1084 2219 1183 2267 quae
1215 2200 1315 2268 post

340 2275 583 2325 summum
615 2273 814 2321 chorum
844 2273 997 2320 locata
1014 2271 1078 2321 est
1096 2308 1111 2329 ,
1149 2289 1250 2319 area
1270 2269 1315 2318 se

339 2345 386 2393 se
414 2341 552 2393 offert
570 2342 829 2410 parietibus
851 2340 1162 2409 circumsepta
1180 2377 1195 2398 ,
1228 2342 1316 2388 in„

342 2421 471 2477 cujus
491 2413 644 2462 fronte
662 2449 677 2470 ,
693 2431 790 2478 quae
808 2411 963 2461 versus
979 2416 1195 2462 Caurum
1215 2424 1315 2460 ten-2

341 2486 413 2534 dit
427 2521 443 2543 ‚
463 2504 488 2532 a
504 2485 620 2532 Iaeva
640 2486 820 2532 eminet
837 2485 1061 2550 porticus,
1077 2502 1102 2529 a
1121 2483 1316 2530 dextera

343 2554 461 2604 vero
487 2556 769 2604 Oratorium
786 2589 801 2611 ‚
823 2553 921 2603 five
940 2550 1141 2602 Ecclesia
1163 2554 1313 2601 Sve-

340 2626 487 2672 nantii
506 2661 521 2681 ,
559 2625 684 2674 dicia
705 2626 849 2673 etiam
868 2625 987 2672 olim
1013 2620 1204 2671 Basilica
1221 2625 1316 2669 Do*

340 2697 458 2743 mini
485 2695 729 2743 Theodori
742 2731 757 2752 ,
774 2707 914 2762 prout
933 2696 978 2741 in
998 2692 1197 2742 secunda
1210 2693 1316 2741 Par-

340 2778 386 2813 te
410 2764 685 2813 docebimus
703 2801 712 2811 .
729 2762 967 2813 Caeterum
989 2764 1198 2832 porticus
1215 2762 1313 2811 adi-

342 2847 444 2882 tum
468 2833 642 2901 praebet
662 2837 709 2882 in
727 2834 890 2884 AEdem
910 2835 1196 2901 ostogonam
1210 2869 1226 2890 ,
1245 2830 1314 2881 sa-

340 2922 427 2952 crae
447 2905 813 2971 regenerationis
838 2905 1049 2953 Lavacro
1083 2901 1312 2952 asservan-

341 2975 404 3023 do
423 2974 661 3022 adustum
696 2974 1065 3040 (Baptisterium
1086 2991 1313 3041 compen-

339 3045 466 3093 diose
488 3044 818 3112 appellamus)
841 3080 851 3089 .
892 3045 1055 3092 AEdem
1086 3045 1201 3091 hanc
1227 3047 1313 3093 in-‚

339 3113 531 3181 singulis
549 3114 728 3182 angulis
746 3113 998 3182 polygonae
1019 3111 1227 3160 fulciunt
1243 3117 1316 3162 lae-

337 3186 507 3252 vigata-2
526 3186 775 3240 columnae,
793 3202 817 3230 a
835 3181 1092 3252 parietibus
1112 3181 1228 3230 adeo
1250 3183 1317 3232 se-

339 3254 506 3319 junstae
531 3291 549 3313 ,
594 3269 646 3303 ut
676 3256 828 3304 latum
867 3253 1196 3303 ambulacrum
1225 3255 1316 3303 cir-

747 213 1175 290 VETERA
1248 234 1947 294 MONIMENTA

1371 323 1669 371 cumquaque
1703 303 1912 355 efficiant
1933 344 1944 356 .
1983 311 2039 357 In
2073 326 2132 358 eo
2161 310 2341 373 latere}

1370 378 1499 442 quod
1516 377 1693 424 Eurum
1713 375 2003 443 prospectat,
2029 379 2239 428 AEdicula
2260 386 2336 431 vi-

1370 444 1487 493 situr-
1523 448 1585 493 D.
1605 448 1783 514 Joanrii
1813 449 2118 517 Evangelistae
2153 450 2337 512 dicata,

1371 517 1447 564 cui
1474 515 1497 562 ὲ
1524 518 1760 569 diametro
1781 517 1826 562 in
1846 517 2040 567 adverso
2058 521 2337 587 parietum..

1373 588 1516 634 latere
1554 587 1814 653 opponitur
1853 587 1941 634 alia
1970 592 2015 636 S.
2031 591 2210 658 joanni
2254 594 2339 640 Ba..

1371 652 1517 724 ptistae
1529 691 1545 712 ‚
1562 654 1858 705 &adventus
1877 660 2121 708 Dominiei
2139 661 2338 710 Praecur-

1371 724 1461 774 sori
1494 721 1640 773 sacra.
1681 728 1798 794 Qiae
1825 726 1919 780 duo
1956 726 2061 793 sunt
2088 732 2112 786 c}
2136 744 2337 797 quatuor

1371 798 1632 854 oratoriis,
1660 796 1718 845 de
1736 793 1903 862 quibus
1922 796 1984 846 est
2004 797 2155 848 sermo
2173 837 2184 847 .
2209 801 2335 851 Ter-

1370 870 1425 916 tii
1453 868 1612 914 locum
1635 864 2011 934 designavimus,
2038 866 2148 917 cum
2163 871 2337 940 prope,

1367 939 1606 1007 porticum
1623 937 1891 1006 Baptisterii
1907 940 1951 986 S.
1971 942 2201 989 Venantii
2217 942 2337 990 AEdi.

1371 1009 1526 1057 culam
1554 1024 1927 1056 memoraremus
1944 1044 1961 1066 ,
1998 1028 2098 1076 quae
2126 1010 2336 1060 eadem-2

1369 1080 1566 1129 omnino
1582 1076 1648 1128 est
1662 1113 1677 1135 ‚
1713 1097 1765 1125 ac
1786 1080 2066 1127 Oratorium
2083 1083 2126 1128 S.
2142 1083 2339 1150 Stepha-

1369 1152 1443 1207 ni,
1465 1149 1592 1216 quod
1607 1150 1760 1216 capite
1774 1149 2003 1216 peculiari
2023 1149 2240 1218 prosequi
2255 1149 2339 1202 suo

1369 1222 1474 1269 loco
1504 1218 1730 1268 debemus
1747 1255 1757 1265 .
1797 1219 2039 1284 Qartum
2066 1219 2181 1271 vero
2198 1257 2216 1280 ‚
2251 1221 2340 1274 de,

1368 1308 1461 1357 quo
1491 1291 1607 1342 nihil
1628 1285 1878 1344 exhibere,
1909 1288 1995 1337 nisi
2021 1289 2338 1356 defiderium,

1369 1356 1546 1429 poffum
1566 1394 1582 1418 ,
1618 1355 1781 1407 sanetae
1815 1360 1961 1406 Cruci
2000 1361 2119 1408 olim
2154 1360 2338 1412 sacrum

1369 1443 1499 1489 erat3
1523 1426 1600 1477 sed
1629 1430 1677 1475 in
1697 1425 1907 1476 Ecclesia?
1927 1428 2245 1479 Lateranenfis
2265 1449 2337 1480 re-

1370 1500 1651 1548 stauratione
1670 1516 1752 1566 per
1769 1498 1959 1551 Xistum
1979 1503 2042 1550 V.
2061 1501 2336 1550 Pont.Max.

1369 1569 1585 1618 dirutum
1608 1567 1697 1615 est.

1436 1641 1508 1685 De
1528 1639 1613 1685 hoc
1639 1637 1808 1686 eodem
1834 1638 2059 1687 Orat-orio
2076 1642 2338 1689 Severanus

1370 1708 1415 1753 in
1441 1708 1591 1757 Sacris
1615 1706 1681 1756 M
1684 1712 1853 1757 emoriis
1872 1708 2036 1774 sbptem
2064 1710 2340 1780 Ecclssarum

1370 1778 1536 1835 Urbis,
1559 1783 1582 1827 a
1606 1777 1647 1825 ie
1678 1779 1845 1827 Italico
1862 1781 2094 1828 idiomate
2113 1799 2159 1827 in
2182 1784 2338 1830 lucem

1367 1851 1506 1898 editis
1537 1869 1547 1896 :
1594 1849 1643 1897 ὃ(
1675 1848 1846 1897 deinde
1888 1846 2040 1896 Cafar
2069 1851 2338 1900 Cardinalis

1368 1917 1608 1986 Rasponus
1635 1919 1681 1964 in
1711 1915 1782 1965 sua
1810 1916 1992 1985 Bastlica
2012 1954 2028 1976 ‚
2066 1923 2121 1969 &⁹
2138 1922 2339 1971 Patriar-

1366 1991 1459 2038 chio
1493 1987 1774 2057 Lateranensi
1792 1990 1910 2037 libro
1941 2003 1986 2047 3.
2020 2008 2120 2057 cap.
2141 2010 2190 2055 ρ.
2225 1989 2338 2039 ieri-

1370 2065 1500 2128 plere
1523 2097 1533 2107 .

1429 2129 1658 2179 Exordiar
1675 2128 1822 2178 modo
1838 2129 1894 2178 ab
1913 2130 2117 2196 quuod
2132 2135 2339 2200 DJoan-

1366 2201 1415 2248 ni
1433 2200 1736 2267 Evangelistae
1756 2213 2080 2268 nuncupatum
2097 2237 2114 2259 ,
2145 2204 2204 2250 ad
2220 2201 2338 2250 dex-

1368 2283 1514 2318 teram
1542 2272 1752 2319 occurrit
1772 2272 1854 2329 iis,
1891 2272 1970 2338 qui
1994 2288 2078 2337 per
2095 2273 2338 2339 porticum

1369 2341 1416 2387 in
1433 2340 1596 2389 AEdem
1628 2340 1893 2408 Baptisterii
1921 2341 1964 2390 se
1989 2343 2248 2408 recipiunt.
2281 2345 2339 2390 In

1367 2412 1577 2478 zophoro
1597 2447 1614 2468 ,
1640 2410 1769 2477 quod
1797 2412 2016 2459 imminet
2035 2412 2179 2479 portae
2202 2411 2339 2474 hujus

1367 2477 1560 2539 sacelli,
1594 2482 1689 2529 haec
1715 2481 1938 2549 leguntur
1955 2517 1966 2528 .

1452 2553 1825 2599 LissaRAroRi
1866 2553 1996 2598 Suo
2032 2552 2236 2602 ΒεΑτο

1443 2625 1741 2691 ]οΗΑΝΝῐ
1789 2621 1827 2666 E
1851 2635 2237 2670 VANGELISTAE

1452 2695 1701 2741 HiLARU
1720 2697 1740 2730 S
1766 2691 2023 2742 Emscoms
2045 2696 2238 2741 FAMU·

1731 2776 1752 2807 L
1765 2775 1801 2809 υ
1815 2776 1836 2808 s
1870 2779 1896 2808 x
1911 2762 1970 2809 P1
1985 2799 1994 2807 .

1369 2831 1521 2901 Qod
1546 2832 1852 2898 D.Joannem
1881 2830 2186 2879 liberatorem
2203 2824 2339 2875 suum
2370 2843 2373 2845 ’

1366 2905 1563 2953 Hilarus
1582 2900 1845 2956 vocaverit,
1858 2899 1915 2947 ad
1933 2898 2054 2947 illud
2074 2897 2237 2966 procul
2255 2895 2339 2943 du·-

1368 2972 1447 3022 bio
1486 2970 1737 3021 discrimen
1775 2965 1937 3016 referri
1975 2967 2120 3018 debet
2146 3005 2162 3027 ,
2208 2964 2338 3034 quod

1370 3041 1538 3111 Ephesi
1556 3039 1768 3095 subiit,&
1783 3036 1840 3084 ab
1863 3039 2157 3106 eo,Apostoli
2175 3049 2338 3103 patro-

1370 3115 1499 3161 cinio
1516 3111 1712 3159 tandem
1730 3105 1876 3156 evasit
1893 3145 1903 3155 .
1930 3107 2059 3158 Cum
2076 3109 2202 3157 enim
2217 3101 2340 3170 jussu.

1371 3186 1414 3230 S.
1433 3183 1601 3230 Leonis
1613 3178 1744 3245 Papae
1761 3177 1958 3227 Hilarus
1978 3191 2089 3226 tunc
2106 3176 2338 3245 temporis

1371 3253 1608 3302 Diaconus
1622 3249 1666 3300 se
1684 3246 1743 3297 ad
1758 3246 2041 3316 Ephesinum
2057 3245 2337 3300 Concilium

2226 3331 2337 3366 6οη·-
