2425 3747
2059 218 2124 250 XV

109 297 192 336 tra
212 282 407 335 limites
429 317 444 340 ,
486 287 623 351 quos
656 275 732 329 illi
763 269 1196 347 praescripseram
1218 307 1235 334 ,
1266 271 1519 342 evagatio
1538 308 1553 330 ,
1590 269 1903 342 diutinaque
1926 272 2123 341 produ-

107 359 212 412 Ctio
250 375 336 414 me
373 360 438 412 ab
469 352 757 424 evulgandi
793 349 1110 405 confidentia
1136 349 1377 405 arcuisset
1399 389 1415 410 ,
1452 345 1545 401 nisi
1585 348 1912 401 Amicorum
1933 347 2122 401 suasio-

105 438 257 490 nibus
288 435 489 492 tutius,
531 434 698 505 quarn
726 430 922 501 privati
955 427 1142 497 judicii
1172 428 1278 481 mei
1319 425 1646 482 conscientiae
1686 442 1897 478 morem
1936 442 2124 495 gerere

107 513 371 568 duxissem
394 555 405 564 .
447 508 760 566 Dulciffima
786 508 820 561 ii
843 524 929 561 me
968 503 1222 560 violentia
1267 505 1610 577 impellebant
1632 542 1647 563 ,
1687 518 1747 556 ut
1772 501 1985 555 ederem
2022 521 2082 557 ea
2109 542 2123 562 ‚

109 608 232 665 quae
261 591 503 663 propriae
527 586 810 642 eruditioni
837 581 1014 639 sedula
1044 583 1408 638 observatione
1442 583 1774 636 contuleram
1799 599 1813 634 z
1853 580 1998 653 quod
2022 598 2123 649 ego

109 684 172 722 ut
190 668 545 724 detreeiarem
566 706 581 726 ,
623 662 730 737 ipsa
751 665 927 735 operis
962 660 1244 715 difficultas
1268 699 1284 720 ,
1326 660 1381 712 ὃς
1409 660 1660 713 Muneris
1681 660 1785 712 mei
1805 676 1948 713 curae
1970 696 1984 718 ,
2025 658 2124 710 vix

110 746 205 800 otii
238 747 501 800 brevioris
526 759 744 816 capaces
765 781 782 801 ‚
815 742 1101 795 monebant
1121 780 1132 791 .
1175 740 1324 792 Vicit
1349 737 1563 794 tandem
1593 738 1888 791 reverentia
1912 737 2124 790 Amico-

111 841 236 877 rum
256 851 273 886 ς
304 825 358 878 &
383 825 625 880 animum
646 819 740 874 fibi
758 818 1083 874 diffidentem
1107 856 1123 877 ‚
1150 815 1415 891 horasque
1438 814 1758 877 subsecivaS,
1793 832 1854 868 ae
1881 812 2125 868 secunda-

110 903 223 956 rias
249 904 422 956 hocin
451 902 603 973 Opus
622 899 931 970 impendens
951 935 969 960 ‚
1007 910 1262 966 expertus
1286 893 1401 948 sum
1424 933 1439 954 ‚
1463 893 1585 948 satis
1617 893 1877 965 temporis
1920 892 2122 945 unicui-

109 996 215 1054 que
235 978 488 1051 superesse
509 1018 525 1039 ‚
544 977 583 1032 fi
602 996 663 1032 eo
687 977 763 1031 uti
788 976 916 1030 velit
933 1015 945 1028 .
988 974 1178 1043 Adjeci
1203 974 1384 1047 itaque
1405 973 1644 1026 animum
1667 989 1768 1023 non
1791 969 1958 1025 modo
1985 972 2125 1042 Ope-

111 1060 159 1111 ri
179 1056 499 1112 absolvendo
523 1096 537 1118 ,
559 1054 646 1110 sed
665 1094 681 1115 ,
697 1054 735 1109 fi
754 1071 852 1125 per
869 1071 955 1106 me
986 1050 1103 1105 fieri
1129 1052 1317 1123 poffet,
1337 1052 1501 1104 etiam
1536 1047 1775 1102 ornando
1799 1089 1809 1099 .
1855 1049 1997 1102 Hinc
2020 1067 2046 1101 e
2069 1065 2125 1101 re

110 1134 284 1189 censui
314 1135 621 1192 faciurum,
656 1131 697 1184 si
733 1131 1077 1187 Pisturarum
1127 1128 1468 1184 Mufivarum
1504 1128 1687 1180 Icones
1709 1165 1723 1185 ,
1762 1138 1925 1197 prout
1963 1125 2129 1178 modo

112 1210 362 1268 visuntur
381 1252 397 1273 ,
419 1212 753 1267 adned'terem
776 1250 792 1270 ‚
831 1210 1156 1283 illarumque
1190 1207 1595 1279 descriptionem
1614 1243 1630 1265 ,
1665 1206 1719 1258 &
1742 1204 2131 1274 interpretatio-

111 1308 236 1345 nem
260 1292 547 1360 adjicerem
568 1319 581 1328 -
611 1288 740 1342 Inde
760 1289 814 1342 &
833 1289 957 1342 curn
980 1286 1186 1361 aliquid
1210 1288 1275 1340 de
1308 1284 1671 1356 Templorum
1696 1283 1957 1337 ereciione
1980 1297 2133 1350 agen-

112 1368 246 1422 dum
266 1367 542 1423 videretur
563 1406 578 1427 ,
607 1381 666 1421 ut
686 1364 876 1421 scilicet
900 1384 970 1420 ex
997 1365 1212 1420 illorum
1238 1378 1390 1419 aetate
1411 1360 1620 1416 fidelius
1652 1361 1995 1431 colligeretur
2015 1398 2027 1418 ,
2054 1374 2133 1411 tu-

113 1443 318 1520 tiusque
352 1445 609 1502 constaret
642 1463 828 1502 aevum
868 1446 1206 1500 picturarum
1229 1482 1245 1504 ,
1280 1444 1333 1496 id
1366 1443 1582 1518 quoque
1625 1437 1873 1514 prosequi
1914 1451 2133 1491 conatus

112 1523 228 1579 sum
258 1543 351 1587 3ac
390 1524 612 1597 proinde
634 1526 688 1577 in
709 1540 1031 1599 unaquaque
1060 1521 1410 1578 Ecclefiarum
1433 1518 1727 1575 describere
1747 1517 2138 1575 fundationem,

116 1617 178 1658 ut
200 1619 428 1664 vocant,
471 1604 525 1658 &
550 1603 757 1677 reliqua
778 1642 793 1663 ,
828 1620 951 1678 quae
975 1601 1038 1657 ad
1064 1603 1282 1656 brevem
1318 1599 1477 1673 ipsius
1502 1598 1798 1654 Historiam
1830 1597 2097 1669 pertinent
2120 1630 2137 1652 ,

113 1697 481 1754 opportunum
515 1680 856 1736 existimavi.
897 1683 1042 1736 Mox
1078 1680 1146 1733 ad
1177 1678 1400 1736 Musiva
1426 1676 1683 1732 descendo
1711 1714 1726 1735 2
1768 1693 1892 1748 quae
1925 1673 2138 1728 laminis

114 1762 266 1815 aereis
298 1758 585 1833 insculpta,
621 1760 973 1833 exhibitaque
1006 1758 1099 1812 sub
1135 1759 1316 1813 oculos
1337 1798 1352 1818 ,
1396 1752 1610 1829 praevia
1631 1751 1978 1825 descriptione
2006 1789 2020 1810 ,
2065 1749 2139 1802 in-

112 1850 417 1910 terpretor:
455 1837 566 1891 siin
590 1837 860 1909 posterum
888 1836 1050 1891 simile
1070 1834 1348 1908 quidpiam
1375 1846 1621 1888 occurret
1642 1870 1657 1890 ‚
1694 1848 1803 1905 quo
1826 1849 1911 1885 me
1935 1828 2136 1884 utiliter

116 1933 368 1971 exercere
404 1915 625 1988 poffim,
660 1929 719 1969 ut
756 1915 1043 1969 hominum
1073 1912 1412 1967 eruditorum
1442 1909 1748 1983 expestatio
1771 1948 1785 1968 ,
1823 1925 2020 1983 quaeve
2055 1907 2138 1977 ip-

116 1992 166 2048 se
185 1995 434 2067 concepi,
477 2008 606 2048 vota
632 1991 954 2066 impleantur
974 2032 988 2053 ‚
1027 2009 1126 2064 pro
1160 1991 1305 2045 virili
1323 1991 1524 2044 curabo
1542 2027 1553 2037 .
1603 1986 1759 2041 Hanc
1785 1990 1928 2042 enirn
1955 1999 2136 2039 meam

119 2070 506 2126 desideriorum
543 2071 809 2127 summam
839 2071 933 2125 esse
965 2069 1170 2130 fateor,
1208 2083 1267 2124 ut
1292 2108 1308 2129 ,
1352 2082 1720 2141 praeterquam
1744 2066 1895 2138 quod
1935 2061 2138 2117 officio·

118 2146 202 2203 sus
238 2149 290 2202 in
321 2150 540 2217 Joannis
578 2150 732 2205 Lucii
765 2151 965 2204 cineres
989 2188 1004 2210 ‚
1041 2149 1096 2202 &
1132 2148 1459 2203 Amicorum
1493 2143 1814 2199 suasionibus
1847 2141 2137 2215 obsequens

116 2225 303 2282 videar
327 2264 344 2288 ,
379 2226 679 2282 Catholicae
714 2227 1041 2299 potissimum
1077 2227 1291 2281 veritati
1325 2222 1678 2279 dilucidandae
1706 2221 1944 2278 studeam
1980 2217 2134 2273 inser-

117 2306 240 2361 vire
260 2341 279 2367 ,
319 2304 452 2358 dum
471 2302 789 2375 apertissime
822 2323 891 2358 ex
921 2306 1003 2360 his
1022 2345 1037 2366 ,
1065 2323 1186 2380 quae
1210 2303 1511 2358 scribuntur
1533 2340 1549 2362 ,
1590 2301 1824 2362 elicitur,
1862 2299 2015 2354 usum
2046 2298 2140 2351 Sa·

120 2399 342 2437 crarum
387 2383 695 2452 Imaginum
717 2421 734 2442 ,
773 2398 936 2456 quern
977 2384 1135 2438 hodie
1171 2382 1434 2440 colimus,
1486 2379 1831 2435 orthodoxae
1865 2373 2139 2447 Religioni

123 2459 420 2518 admodum
452 2459 782 2516 familiarem
810 2459 1012 2517 saeculis
1052 2460 1304 2514 anteactis
1330 2458 1507 2511 fuisse.

202 2539 398 2611 Operis
433 2539 779 2610 partitionem
812 2540 961 2593 brevi
994 2537 1314 2609 expediam,
1345 2551 1512 2609 quarn
1542 2535 1595 2588 in
1613 2549 1848 2608 quatuor
1869 2546 2047 2604 partes
2067 2529 2142 2584 di-

122 2616 330 2689 stinguo
349 2658 361 2670 .
387 2619 448 2671 In
482 2618 661 2689 prima
678 2616 870 2689 species
891 2616 1144 2690 quaedam
1166 2614 1235 2670 est
1252 2615 1767 2684 Prolegomenorum
1792 2653 1806 2674 ,
1837 2612 1927 2664 ubi
1959 2613 2142 2665 Sacro-

124 2712 251 2750 rum
266 2693 640 2749 AEdificiorum
656 2697 816 2750 varia
836 2713 1030 2765 genera
1060 2693 1350 2768 prosequor
1370 2731 1386 2751 ‚
1414 2708 1536 2766 quae
1556 2692 1679 2744 cum
1701 2690 1844 2763 apud
1870 2689 2143 2745 Ethnicos,

125 2773 243 2828 tum
264 2772 407 2846 apud
436 2773 764 2829 Christianos
801 2775 854 2826 in
892 2771 984 2827 usu
1024 2771 1201 2826 fuere.
1245 2770 1454 2825 Deinde
1492 2787 1722 2842 operum
1761 2766 2144 2822 Mufivorum„

127 2852 731 2922 originem,materiam
756 2891 772 2912 ,
816 2853 870 2905 &
909 2849 1346 2922 compositionem
1377 2848 1591 2920 explico
1610 2875 1625 2909 ,-
1657 2863 1893 2922 quorum
1927 2843 2144 2899 nonnul-

124 2928 177 2984 la
200 2931 252 2983 in
274 2929 461 3004 quinto
482 2944 744 3003 reparatae
765 2928 944 2984 salutis
963 2928 1152 2984 saeculo
1183 2929 1494 2982 concinnata
1513 2924 1660 2980 fuere
1681 2966 1694 2978 .
1731 2927 1791 2978 In
1811 2922 2032 2978 secunda
2057 2937 2145 2973 au-

128 3020 241 3061 tem
275 3022 429 3079 parte
451 3007 516 3062 de
549 3010 610 3062 iis
632 3007 804 3061 sermo
824 3009 926 3062 erit
944 3046 962 3072 ,
993 3024 1114 3081 quae
1139 3026 1169 3061 a
1191 3005 1343 3059 sexto
1370 3003 1532 3078 usque
1561 3004 1629 3057 ad
1666 3018 1844 3057 totum
1871 3001 2142 3054 decimum

130 3085 400 3139 Saeculum
420 3086 716 3142 construsta
742 3084 858 3140 sunt
878 3128 887 3139 .
911 3087 971 3140 In
997 3086 1153 3140 tertia
1173 3122 1190 3147 ,
1213 3101 1336 3158 quae
1361 3085 1425 3137 ab
1445 3081 1726 3136 undecimo
1752 3079 1954 3136 Saeculo
1976 3074 2141 3149 usque

129 3161 196 3215 ad
219 3176 392 3218 totum
429 3162 979 3239 decimumquintum.
1026 3167 1086 3219 In
1125 3176 1318 3238 quarta
1342 3160 1569 3236 denique
1600 3178 1661 3215 ea
1692 3198 1709 3219 ‚
1741 3172 1977 3231 quorum
2015 3168 2143 3284 aetg}

1989 3248 2077 3288 am
2117 3247 2151 3283 ιι·
