2425 3747
324 314 422 345 200

318 367 376 414 lis
406 360 557 413 Arcfis
575 360 1016 410 denominationem
1048 371 1106 402 ex
1125 355 1282 401 analo-

317 437 424 504 gia,
460 449 602 498 quam
633 447 740 477 cum
756 423 959 494 profanis
990 424 1281 491 triumphan-

320 507 443 552 tium
473 498 692 550 Arcubus
722 496 891 544 habet:
929 508 1149 544 ornatum
1168 492 1284 542 vero.

320 591 378 623 ex
417 568 618 620 Mufivis
668 565 888 634 operibus
925 564 1283 620 constantem-2,

319 639 510 692 exhibet
541 636 728 686 Tabula
758 637 944 687 XLIX.
976 653 1116 702 quam
1138 632 1282 682 modo

319 712 610 779 aperiemus.
650 713 705 757 In
740 705 926 754 summo
945 714 1098 753 Arcus
1125 706 1285 771 apice-2

319 798 424 828 area
440 778 653 846 quaedam
673 778 910 826 circularis
932 772 1175 843 inspicitur
1195 810 1211 831 ,
1234 775 1283 821 in

319 851 593 918 quaplures
612 861 778 896 notatu
808 845 977 913 digna,
1012 845 1091 892 sed
1125 862 1286 911 perpe-

319 924 419 970 ram
437 918 493 967 ab
510 917 740 985 aliquibus
764 914 1025 983 descripta3
1053 928 1157 961 tum
1176 916 1283 980 quia

319 1004 424 1040 aetas
458 1008 513 1037 12
524 992 604 1050 502
643 1004 872 1036 annorum
906 982 1168 1053 plurimum
1201 1003 1284 1032 no-

320 1062 419 1109 cuit
446 1060 696 1108 evidentiae
715 1058 959 1115 colorum;
997 1069 1099 1102 tum
1124 1056 1232 1121 quia
1258 1057 1283 1103 a

315 1130 547 1198 superiori
580 1130 733 1196 lignea
760 1125 985 1175 coronide
1004 1160 1019 1182 ,
1049 1141 1148 1190 quae
1182 1122 1284 1171 sub-

317 1207 439 1266 jacet
467 1200 699 1266 lequeari‚
735 1197 990 1264 impeditur
1010 1195 1066 1242 ne
1086 1208 1185 1243 tota
1207 1213 1284 1261 ap-

317 1283 478 1340 pareat
494 1305 503 1315 .
545 1270 718 1335 Saepius
744 1279 1038 1315 tentaveram
1059 1261 1281 1331 symbola

318 1341 511 1409 pistura?
546 1335 745 1386 Musivae
774 1335 1121 1392 internoscere,
1150 1335 1277 1382 adhi÷

319 1411 429 1458 bitis
458 1410 600 1457 etiam
638 1405 956 1454 instrumentis
986 1405 1279 1472 quampluri-

319 1479 403 1528 bus
428 1480 574 1526 aciem
590 1479 836 1525 oculorum
853 1474 1152 1539 juvantibus:
1172 1492 1282 1521 nam

318 1561 521 1616 excepto
552 1565 632 1615 per
651 1545 894 1614 speculum
919 1545 1024 1595 solis
1054 1545 1184 1592 radio
1203 1563 1292 1611 pa--

318 1620 491 1670 rietem
510 1617 702 1666 reddere
724 1616 1006 1665 lucidiorem
1021 1651 1037 1672 ‚
1066 1617 1114 1665 ὃ(
1130 1613 1284 1664 multa

321 1690 559 1737 vitrorum
589 1686 869 1751 supellestili
900 1684 1055 1732 visum
1093 1701 1283 1752 promo-

318 1774 436 1807 vere
461 1754 700 1805 tentabam
728 1790 738 1800 .
777 1755 909 1819 Qin
940 1755 1083 1801 etiam
1111 1754 1287 1801 amico-

317 1844 423 1875 rum
446 1826 589 1891 aliqui
621 1825 828 1872 valentes
847 1825 995 1871 oculis
1011 1859 1029 1881 ,
1057 1825 1106 1876 ὃ(
1132 1823 1287 1872 erudi-⁴

318 1900 504 1946 tionum
527 1891 664 1962 copiti
683 1892 941 1962 praestantes
958 1897 1081 1959 (quae
1098 1911 1204 1942 cum
1221 1896 1287 1961 pi-

317 1968 457 2016 &urae
483 1964 685 2031 vestigia
702 1963 979 2030 inquirenda
999 1961 1129 2021 sunt,
1143 1966 1289 2031 magis

317 2034 599 2103 quandoque
620 2033 832 2100 prosunt,
847 2036 988 2099 quam
1008 2035 1159 2095 oculi)
1178 2032 1286 2082 cum

317 2107 574 2173 diligenter
607 2106 756 2154 aciem
779 2104 1113 2160 intenderent,
1150 2104 1286 2152 irrito

319 2189 492 2225 conatu
525 2170 860 2223 discedendum
901 2170 986 2222 effe
1027 2172 1253 2221 dolebant
1271 2210 1282 2221 .

317 2246 385 2294 Eo
418 2258 574 2292 tamen
606 2246 753 2292 acrius
791 2242 850 2290 ad
885 2242 933 2291 id
967 2242 1283 2310 impellebar,

315 2315 409 2382 quo
427 2310 670 2362 difficilius
689 2311 966 2362 videbatur:
996 2327 1283 2380 quapropter

317 2384 482 2453 rogavi
507 2382 740 2432 Illustriss.
767 2386 827 2432 D.
846 2383 1061 2431 Sanciem
1085 2383 1144 2431 de
1163 2384 1280 2431 Pila,

316 2453 448 2511 stris,
484 2451 692 2517 ejusdem
720 2450 921 2501 Bafilicae
951 2454 1283 2512 Canonicum‚

316 2538 368 2572 ut
384 2525 571 2590 copiam
591 2521 764 2573 faceret
785 2520 975 2591 propius
1002 2521 1280 2590 inspiciendi

317 2595 545 2661 parietem
568 2630 584 2652 ,
627 2593 792 2642 ablatis
836 2595 981 2641 etiam
1014 2595 1039 2641 a
1075 2595 1281 2659 laqueari

316 2665 546 2730 contiguis
576 2663 781 2721 tabulis,
814 2681 906 2729 quo
940 2664 1110 2711 clarius
1142 2677 1281 2712 tota„

315 2730 470 2799 figurae
489 2733 767 2782 orbicularis
786 2751 890 2781 area
909 2746 1154 2801 appareret
1169 2769 1178 2780 .
1201 2735 1281 2783 Pe-

316 2803 476 2849 titioni
499 2820 613 2851 meae
633 2802 834 2853 libenter
857 2801 1072 2863 indulfit3
1094 2818 1282 2871 propte«

313 2873 390 2920 rea
410 2871 564 2919 denuo
586 2872 773 2931 acceffi,
792 2873 1050 2939 amotisque
1070 2873 1278 2940 partibus

314 2939 542 2997 tabulati,
569 2938 676 2988 cum
699 2945 880 3010 integra
898 2944 1064 2992 circuli
1092 2941 1279 3011 superfi-

313 3012 403 3058 cies
435 3012 483 3057 in
511 3007 761 3077 conspeEiu
779 3010 886 3060 effet
906 3050 921 3070 ,
951 3011 1277 3061 facillimum

310 3079 405 3127 fuit
429 3081 560 3128 illam
588 3080 860 3147 diligentius
896 3080 1154 3131 exscribere
1175 3120 1189 3140 ,
1227 3086 1276 3134 &

310 3149 585 3199 schedulam
608 3152 844 3198 delineare
865 3185 880 3206 ,
915 3150 1040 3215 quod
1063 3152 1274 3217 praestitit

314 3219 530 3268 laudatus
549 3216 796 3269 Fabrettus
816 3256 832 3277 ,
869 3220 916 3266 in
945 3217 1276 3271 conservandis.

314 3290 530 3357 antiquis.
543 3292 787 3339 memoriis
814 3286 1164 3341 studiosissimus
1179 3325 1193 3338 .

724 285 1148 342 VETERA
1219 279 1908 336 MONIMENTA

1422 354 1552 398 Dum
1580 352 1674 397 haec
1704 349 1992 407 scriberem,
2026 367 2120 400 non
2146 352 2310 403 solum

1337 425 1384 470 in
1408 421 1722 488 explicatione
1738 417 1932 487 praefatae
1947 419 2222 471 orbicularis
2243 423 2308 471 fi·-

1334 508 1458 561 gurae
1477 491 1686 538 maxima
1707 487 1961 539 difficultas
1976 495 2207 550 occurrit,
2220 512 2296 542 ve-

1337 564 1442 612 rum
1464 563 1608 609 etiam
1635 563 1683 608 in
1712 561 1814 608 aliis
1835 559 2157 629 imaginibus,
2189 565 2302 629 quia‘

1338 633 1398 684 ob
1428 648 1590 681 earum
1622 628 1901 680 vetustatem
1935 631 2051 681 adeo
2083 632 2297 700 denigra÷

1338 719 1394 753 tae
1418 739 1434 760 ,
1471 719 1522 748 ac
1555 702 1752 769 pulvere
1792 698 2004 757 obdussae
2036 717 2170 751 erant
2194 738 2210 760 ‚
2247 717 2302 750 ut

1338 776 1482 824 etiam
1510 769 1771 819 acutiffimo
1799 769 1903 819 visu
1920 773 2105 839 praediti
2133 791 2206 823 eas
2228 773 2300 821 di-

1336 840 1555 914 gnoscere
1570 842 1766 890 minime
1781 838 1957 908 possent
1971 878 1981 889 .
1998 845 2186 911 Rogavi
2207 844 2293 892 ite-

1338 932 1443 963 rum
1477 912 1684 962 eundem
1716 910 1946 961 Illustriss.
1982 910 2042 960 de
2068 913 2300 976 Pilastris,

1338 986 1470 1034 daret
1488 999 1681 1050 operam
1697 1017 1714 1038 ,
1744 993 1798 1028 ut
1817 979 2020 1028 Bafilicae
2049 980 2299 1043 ejusdem-2

1337 1054 1617 1122 Capitulum
1655 1065 1751 1099 tam
1788 1049 2058 1100 venerabile
2091 1050 2302 1103 testimo-

1337 1127 1471 1172 nium
1498 1123 1678 1189 antiqui
1699 1119 1834 1170 Ritfis
1855 1123 2111 1171 Catholicae
2133 1126 2305 1172 Roma*

1337 1214 1403 1243 nae
1420 1190 1630 1242 Ecclefiae
1648 1194 1794 1260 magis
1811 1189 2117 1260 conspicuum
2143 1193 2303 1243 redde-

1335 1279 1433 1322 ret,
1459 1283 1510 1312 ac
1531 1261 1728 1330 proinde
1750 1262 2024 1320 emundari,
2054 1281 2105 1311 ac
2124 1263 2180 1311 ab
2199 1283 2303 1313 om-

1336 1334 1468 1382 nibus
1493 1330 1703 1381 sordibus
1728 1335 1979 1400 expurgari
1999 1330 2214 1395 juberet,
2249 1347 2302 1382 ut

1333 1402 1516 1452 facilius
1533 1403 1757 1471 explicari
1775 1400 1965 1469 possent.
1985 1404 2169 1452 Petioni
2188 1422 2303 1453 meae

1334 1493 1427 1523 non
1447 1471 1598 1521 solum
1617 1471 1837 1530 indulsit,
1853 1471 2021 1521 verum
2040 1474 2182 1521 etiam
2201 1493 2306 1543 pro*

1338 1545 1449 1612 priis
1482 1540 1744 1610 sumptibus
1774 1543 2020 1593 emundari
2051 1543 2302 1593 Musivum

1338 1632 1452 1680 opus
1472 1614 1660 1660 curavit
1688 1615 1907 1668 (utinam
1939 1615 2040 1661 aliae
2070 1613 2203 1680 supra
2224 1634 2307 1677 *co-

1338 1683 1569 1745 ronidem
1592 1677 1804 1748 expressae
1833 1680 2029 1730 Tabulae
2059 1683 2300 1734 eandem-2

1339 1751 1576 1801 fortunam
1595 1751 1766 1799 sortitae
1782 1748 2004 1815 fuiffent)
2022 1752 2121 1799 imo
2142 1753 2303 1803 avulsi}

1340 1821 1496 1891 lignea
1514 1821 1756 1878 coronide,
1771 1838 1870 1888 quae
1893 1821 2214 1874 summitatem
2231 1827 2307 1873 Fi·⁴

1342 1909 1568 1960 gurarum
1595 1892 1735 1958 primi
1759 1891 1936 1941 ordinis
1964 1891 2107 1960 usque
2138 1895 2196 1942 ad
2228 1914 2302 1943 ca-

1342 1965 1440 2031 pita
1461 1962 1714 2012 earundem
1733 1961 1947 2030 tegebat,
1975 1981 2142 2012 veram
2159 1957 2306 2013 histoss

1340 2035 1490 2091 riam,
1524 2051 1666 2100 quam
1695 2032 1827 2083 distae
1846 2035 2024 2101 Figurae
2053 2033 2302 2103 repraesen-

1339 2102 1528 2160 tabant,
1545 2104 1728 2170 aperuit
1740 2139 1750 2149 .
1772 2105 1997 2153 Detestus
2016 2107 2194 2154 etenim
2211 2103 2305 2154 fuit

1328 2175 1535 2240 'Spiritus
1554 2174 1744 2222 SanEtus
1757 2209 1774 2231 ,
1794 2175 1852 2224 ’ἃ
1876 2172 2071 2223 Gabriel
2089 2174 2304 2244 Angelus

1337 2241 1654 2294 Beatiffimam
1695 2245 1946 2313 Virginem
1966 2246 2186 2297 'MARIAM
2221 2265 2300 2293 an-

1334 2315 1558 2362 nuncians
1577 2350 1588 2360 .
1622 2315 1883 2363 Patuerunt
1908 2327 2111 2381 quatuor
2141 2315 2303 2363 Evan-

1333 2383 1501 2452 gelistae
1522 2380 1686 2432 formis
1706 2383 2198 2452 animaliu'm‘expreffi
2215 2421 2231 2442 ,
2253 2388 2304 2436 ὃς

1335 2455 1505 2521 Capita
1533 2452 1870 2521 Apostolorum
1900 2455 2025 2503 Petri
2059 2457 2108 2504 &
2136 2454 2302 2518 Pauli3

1335 2541 1514 2572 necnon
1531 2536 1768 2590 gemmata
1788 2527 1949 2581 Crux,
1978 2526 2028 2573 ὃς
2049 2528 2205 2574 Arcus
2222 2544 2301 2573 co-

1336 2595 1509 2641 lumnis
1545 2591 1751 2661 impoliti
1783 2627 1799 2649 ,
1849 2595 2089 2643 Porticum
2127 2611 2299 2662 reprae-

1334 2661 1564 2712 sentan'tes
1581 2699 1595 2711 .-
1868 2705 1875 2713 .
2081 2679 2085 2681 “

1402 2735 1583 2783 Omnia
1610 2735 1755 2802 igitur
1788 2736 2098 2803 explicaturi,
2128 2736 2154 2783 ὲ
2188 2751 2304 2806 prae—

1332 2803 1424 2853 fata
1457 2801 1711 2852 orbiculari
1744 2802 1922 2871 figura,
1959 2819 2179 2871 tanquam
2214 2806 2302 2852 in„

1332 2871 1648 2924 excelsiori&
1679 2873 1882 2941 digniori
1916 2877 2021 2923 loco
2051 2873 2135 2922 fita
2154 2909 2170 2931 ,
2207 2876 2299 2922 ini-

1331 2947 1454 2993 tium
1471 2942 1697 2992 sumimus
1713 2978 1723 2988 .
1763 2945 1906 2991 Hanc
1926 2958 2085 2994 autem
2105 2979 2121 3002 ,
2154 2955 2208 2991 ut
2227 2947 2299 2994 vi-

1329 3012 1399 3062 sui
1434 3016 1581 3081 magis
1612 3011 1827 3060 distincta
1852 3010 1992 3072 esset,
2029 3012 2180 3062 formai
2198 3032 2296 3062 am-

1329 3086 1469 3152 pliori
1491 3082 1852 3139 delineavimus,
1868 3087 2007 3150 quam
2024 3085 2152 3130 locus
2170 3084 2296 3151 pates·

1326 3167 1457 3202 retur
1489 3149 1723 3199 in'tabula
1742 3154 1927 3200 Arcum
1958 3153 2296 3220 triumphalem

1323 3220 1679 3290 repraesentante
1695 3257 1705 3266 .
1744 3221 1895 3271 Locus
1915 3221 1995 3269 ubi
2017 3222 2114 3271 haec
2138 3225 2292 3271 circu-

1323 3292 1431 3340 laris
1450 3288 1597 3361 figura
1619 3293 1856 3352 cernitur,
1873 3290 2079 3360 signatur
2098 3295 2148 3341 in
2166 3292 2288 3341 Tab.

2212 3365 2291 3418 lit-
