<?xml version="1.0" encoding="UTF-8"?>
<!DOCTYPE html PUBLIC "-//W3C//DTD XHTML 1.0 Transitional//EN"
    "http://www.w3.org/TR/xhtml1/DTD/xhtml1-transitional.dtd">
<html xmlns="http://www.w3.org/1999/xhtml" xml:lang="en" lang="en">
 <head>
  <title>
</title>
<meta http-equiv="Content-Type" content="text/html;charset=utf-8" />
  <meta name='ocr-system' content='tesseract 3.04.00' />
  <meta name='ocr-capabilities' content='ocr_page ocr_carea ocr_par ocr_line ocrx_word'/>
</head>
<body>
  <div class='ocr_page' id='page_1' title='image "./joannisciampinir01ciam_0449.png"; bbox 0 0 2482 3742; ppageno 0'>
   <div class='ocr_carea' id='block_1_1' title="bbox 669 293 1598 349">
    <p class='ocr_par' dir='ltr' id='par_1_1' title="bbox 669 293 1598 349">
     <span class='ocr_line' id='line_1_1' title="bbox 669 293 1598 349; baseline -0.005 0"><span class='ocrx_word' id='word_1_1' title='bbox 669 299 710 349; x_wconf 85' lang='lat' dir='ltr'><strong><em>C</em></strong></span> <span class='ocrx_word' id='word_1_2' title='bbox 778 298 824 347; x_wconf 82' lang='lat' dir='ltr'><strong><em>A</em></strong></span> <span class='ocrx_word' id='word_1_3' title='bbox 897 298 936 347; x_wconf 93' lang='lat' dir='ltr'><em>P</em></span> <span class='ocrx_word' id='word_1_4' title='bbox 1011 297 1057 349; x_wconf 80' lang='lat' dir='ltr'><em>U</em></span> <span class='ocrx_word' id='word_1_5' title='bbox 1130 294 1175 346; x_wconf 93' lang='lat' dir='ltr'><em>T</em></span> <span class='ocrx_word' id='word_1_6' title='bbox 1274 293 1598 347; x_wconf 74' lang='lat' dir='ltr'><em>XXVIII.</em></span> 
     </span>
    </p>
   </div>
   <div class='ocr_carea' id='block_1_2' title="bbox 113 364 1108 1701">
    <p class='ocr_par' dir='ltr' id='par_1_2' title="bbox 205 364 1107 491">
     <span class='ocr_line' id='line_1_2' title="bbox 205 364 1107 437; baseline 0.001 -18"><span class='ocrx_word' id='word_1_7' title='bbox 205 368 318 419; x_wconf 78' lang='lat' dir='ltr'>Alta</span> <span class='ocrx_word' id='word_1_8' title='bbox 329 364 565 436; x_wconf 70' lang='lat' dir='ltr'><em>suburbani</em></span> <span class='ocrx_word' id='word_1_9' title='bbox 580 368 801 417; x_wconf 74' lang='lat' dir='ltr'>vincenda</span> <span class='ocrx_word' id='word_1_10' title='bbox 820 368 888 418; x_wconf 71' lang='lat' dir='ltr'>cs&#39;Z</span> <span class='ocrx_word' id='word_1_11' title='bbox 901 369 1107 437; x_wconf 56' lang='lat' dir='ltr'>semita-0</span> 
     </span>
     <span class='ocr_line' id='line_1_3' title="bbox 279 441 439 491; baseline -0.038 0"><span class='ocrx_word' id='word_1_12' title='bbox 279 441 412 491; x_wconf 82' lang='lat' dir='ltr'><em>Clivi</em></span> <span class='ocrx_word' id='word_1_13' title='bbox 429 475 439 485; x_wconf 93' lang='lat'>.</span> 
     </span>
    </p>

    <p class='ocr_par' dir='ltr' id='par_1_3' title="bbox 129 505 1108 856">
     <span class='ocr_line' id='line_1_4' title="bbox 205 505 1108 576; baseline -0.002 -20"><span class='ocrx_word' id='word_1_14' title='bbox 205 511 321 558; x_wconf 89' lang='lat' dir='ltr'>Non</span> <span class='ocrx_word' id='word_1_15' title='bbox 349 505 570 557; x_wconf 85' lang='lat' dir='ltr'>diffimile</span> <span class='ocrx_word' id='word_1_16' title='bbox 589 508 790 558; x_wconf 85' lang='lat' dir='ltr'>habetur</span> <span class='ocrx_word' id='word_1_17' title='bbox 814 511 864 558; x_wconf 90' lang='lat' dir='ltr'>in</span> <span class='ocrx_word' id='word_1_18' title='bbox 884 510 978 560; x_wconf 86' lang='lat' dir='ltr'>alio</span> <span class='ocrx_word' id='word_1_19' title='bbox 998 508 1108 576; x_wconf 86' lang='lat' dir='ltr'>Epi-</span> 
     </span>
     <span class='ocr_line' id='line_1_5' title="bbox 131 579 1106 647; baseline 0.001 -23"><span class='ocrx_word' id='word_1_20' title='bbox 131 580 397 647; x_wconf 67' lang='lat' dir='ltr'>grammate</span> <span class='ocrx_word' id='word_1_21' title='bbox 422 614 438 635; x_wconf 93' lang='lat'>,</span> <span class='ocrx_word' id='word_1_22' title='bbox 473 597 567 646; x_wconf 88' lang='lat' dir='ltr'>quo</span> <span class='ocrx_word' id='word_1_23' title='bbox 598 579 789 647; x_wconf 80' lang='lat' dir='ltr'>Musam</span> <span class='ocrx_word' id='word_1_24' title='bbox 816 581 1106 647; x_wconf 76' lang='lat' dir='ltr'>alloquitur,</span> 
     </span>
     <span class='ocr_line' id='line_1_6' title="bbox 129 647 1108 710; baseline 0.001 -16"><span class='ocrx_word' id='word_1_25' title='bbox 129 647 295 710; x_wconf 80' lang='lat' dir='ltr'>jubens</span> <span class='ocrx_word' id='word_1_26' title='bbox 309 682 324 704; x_wconf 90' lang='lat'>,</span> <span class='ocrx_word' id='word_1_27' title='bbox 352 661 405 695; x_wconf 90' lang='lat' dir='ltr'>ut</span> <span class='ocrx_word' id='word_1_28' title='bbox 423 648 601 698; x_wconf 84' lang='lat' dir='ltr'>librum</span> <span class='ocrx_word' id='word_1_29' title='bbox 619 647 797 699; x_wconf 86' lang='lat' dir='ltr'>deferat</span> <span class='ocrx_word' id='word_1_30' title='bbox 821 650 880 698; x_wconf 75' lang='lat' dir='ltr'>ad</span> <span class='ocrx_word' id='word_1_31' title='bbox 900 651 1108 698; x_wconf 84' lang='lat' dir='ltr'>Plinium</span> 
     </span>
     <span class='ocr_line' id='line_1_7' title="bbox 131 715 1102 783; baseline 0.001 -20"><span class='ocrx_word' id='word_1_32' title='bbox 131 715 412 783; x_wconf 68' lang='lat' dir='ltr'>ixi-Esquiliis</span> <span class='ocrx_word' id='word_1_33' title='bbox 430 718 750 778; x_wconf 76' lang='lat' dir='ltr'>habitantem,</span> <span class='ocrx_word' id='word_1_34' title='bbox 782 719 863 767; x_wconf 85' lang='lat' dir='ltr'>ubi</span> <span class='ocrx_word' id='word_1_35' title='bbox 883 718 944 769; x_wconf 83' lang='lat' dir='ltr'>fic</span> <span class='ocrx_word' id='word_1_36' title='bbox 972 721 1003 767; x_wconf 91' lang='lat' dir='ltr'>l.</span> <span class='ocrx_word' id='word_1_37' title='bbox 1028 739 1102 768; x_wconf 89' lang='lat'>10.</span> 
     </span>
     <span class='ocr_line' id='line_1_8' title="bbox 130 786 372 856; baseline 0 -23"><span class='ocrx_word' id='word_1_38' title='bbox 130 786 268 856; x_wconf 84' lang='lat' dir='ltr'>Epig.</span> <span class='ocrx_word' id='word_1_39' title='bbox 297 806 372 846; x_wconf 81' lang='lat'>19.</span> 
     </span>
    </p>

    <p class='ocr_par' dir='ltr' id='par_1_4' title="bbox 266 860 1102 977">
     <span class='ocr_line' id='line_1_9' title="bbox 266 860 1102 926; baseline 0.007 -23"><span class='ocrx_word' id='word_1_40' title='bbox 266 891 482 906; x_wconf 85' lang='lat'><strong>.....</strong></span> <span class='ocrx_word' id='word_1_41' title='bbox 522 863 690 912; x_wconf 74' lang='lat' dir='ltr'>Brevis</span> <span class='ocrx_word' id='word_1_42' title='bbox 727 860 794 909; x_wconf 63' lang='lat' dir='ltr'>ef}</span> <span class='ocrx_word' id='word_1_43' title='bbox 835 861 952 909; x_wconf 81' lang='lat' dir='ltr'>labor</span> <span class='ocrx_word' id='word_1_44' title='bbox 975 881 990 918; x_wconf 68' lang='grc' dir='ltr'>ς</span> <span class='ocrx_word' id='word_1_45' title='bbox 1028 874 1102 926; x_wconf 85' lang='lat' dir='ltr'>pe-</span> 
     </span>
     <span class='ocr_line' id='line_1_10' title="bbox 338 928 465 977; baseline 0.016 -2"><span class='ocrx_word' id='word_1_46' title='bbox 338 928 465 977; x_wconf 64' lang='lat' dir='ltr'>rac‘lae</span> 
     </span>
    </p>

    <p class='ocr_par' dir='ltr' id='par_1_5' title="bbox 269 995 999 1067">
     <span class='ocr_line' id='line_1_11' title="bbox 269 995 999 1067; baseline 0.005 -23"><span class='ocrx_word' id='word_1_47' title='bbox 269 995 380 1046; x_wconf 82' lang='lat' dir='ltr'><em>Illuc</em></span> <span class='ocrx_word' id='word_1_48' title='bbox 408 999 579 1067; x_wconf 83' lang='lat' dir='ltr'>Orphea</span> <span class='ocrx_word' id='word_1_49' title='bbox 596 1005 800 1067; x_wconf 59' lang='lat' dir='ltr'>protinas</span> <span class='ocrx_word' id='word_1_50' title='bbox 820 1000 999 1051; x_wconf 75' lang='lat' dir='ltr'>‘videbis</span> 
     </span>
    </p>

    <p class='ocr_par' dir='ltr' id='par_1_6' title="bbox 267 1067 1066 1122">
     <span class='ocr_line' id='line_1_12' title="bbox 267 1067 1066 1122; baseline -0.008 1"><span class='ocrx_word' id='word_1_51' title='bbox 267 1067 423 1117; x_wconf 80' lang='lat' dir='ltr'>Altam</span> <span class='ocrx_word' id='word_1_52' title='bbox 438 1077 617 1122; x_wconf 77' lang='lat' dir='ltr'>‘vincere</span> <span class='ocrx_word' id='word_1_53' title='bbox 635 1077 852 1122; x_wconf 74' lang='lat' dir='ltr'><em>tramitem</em></span> <span class='ocrx_word' id='word_1_54' title='bbox 867 1071 1039 1121; x_wconf 81' lang='lat' dir='ltr'>Suburae</span> <span class='ocrx_word' id='word_1_55' title='bbox 1055 1106 1066 1117; x_wconf 89' lang='lat'><strong>.</strong></span> 
     </span>
    </p>

    <p class='ocr_par' dir='ltr' id='par_1_7' title="bbox 113 1136 1102 1701">
     <span class='ocr_line' id='line_1_13' title="bbox 190 1136 1099 1192; baseline 0.006 -8"><span class='ocrx_word' id='word_1_56' title='bbox 190 1136 328 1185; x_wconf 87' lang='lat' dir='ltr'><strong>Idem</strong></span> <span class='ocrx_word' id='word_1_57' title='bbox 344 1140 490 1192; x_wconf 78' lang='lat' dir='ltr'>etiam</span> <span class='ocrx_word' id='word_1_58' title='bbox 505 1141 699 1192; x_wconf 86' lang='lat' dir='ltr'>videtur</span> <span class='ocrx_word' id='word_1_59' title='bbox 716 1143 926 1190; x_wconf 84' lang='lat' dir='ltr'>indicare</span> <span class='ocrx_word' id='word_1_60' title='bbox 942 1140 1099 1190; x_wconf 85' lang='lat' dir='ltr'>Festus</span> 
     </span>
     <span class='ocr_line' id='line_1_14' title="bbox 125 1206 1102 1280; baseline 0.007 -27"><span class='ocrx_word' id='word_1_61' title='bbox 125 1206 244 1254; x_wconf 85' lang='lat' dir='ltr'>Pom</span> <span class='ocrx_word' id='word_1_62' title='bbox 249 1210 378 1275; x_wconf 90' lang='lat' dir='ltr'>pejus</span> <span class='ocrx_word' id='word_1_63' title='bbox 387 1245 404 1267; x_wconf 89' lang='lat'>,</span> <span class='ocrx_word' id='word_1_64' title='bbox 416 1216 496 1280; x_wconf 85' lang='lat' dir='ltr'>qui</span> <span class='ocrx_word' id='word_1_65' title='bbox 514 1212 748 1261; x_wconf 82' lang='lat' dir='ltr'>Suburam</span> <span class='ocrx_word' id='word_1_66' title='bbox 767 1215 893 1262; x_wconf 88' lang='lat' dir='ltr'>inter</span> <span class='ocrx_word' id='word_1_67' title='bbox 907 1215 1102 1262; x_wconf 84' lang='lat' dir='ltr'>Montes</span> 
     </span>
     <span class='ocr_line' id='line_1_15' title="bbox 125 1284 1100 1347; baseline 0.004 -23"><span class='ocrx_word' id='word_1_68' title='bbox 125 1295 474 1332; x_wconf 81' lang='lat' dir='ltr'>commemorat</span> <span class='ocrx_word' id='word_1_69' title='bbox 487 1319 497 1329; x_wconf 93' lang='lat'><strong>.</strong></span> <span class='ocrx_word' id='word_1_70' title='bbox 533 1284 863 1346; x_wconf 77' lang='lat' dir='ltr'>Septimontium</span> <span class='ocrx_word' id='word_1_71' title='bbox 878 1318 893 1339; x_wconf 89' lang='lat'>,</span> <span class='ocrx_word' id='word_1_72' title='bbox 914 1284 1068 1347; x_wconf 84' lang='lat' dir='ltr'>inquit</span> <span class='ocrx_word' id='word_1_73' title='bbox 1086 1318 1100 1339; x_wconf 91' lang='lat'>,</span> 
     </span>
     <span class='ocr_line' id='line_1_16' title="bbox 123 1346 1102 1420; baseline 0.005 -26"><span class='ocrx_word' id='word_1_74' title='bbox 123 1346 218 1395; x_wconf 86' lang='lat' dir='ltr'>dies</span> <span class='ocrx_word' id='word_1_75' title='bbox 231 1349 471 1411; x_wconf 77' lang='lat' dir='ltr'>appellatur</span> <span class='ocrx_word' id='word_1_76' title='bbox 495 1353 630 1420; x_wconf 72' lang='lat' dir='ltr'>mense</span> <span class='ocrx_word' id='word_1_77' title='bbox 647 1352 902 1407; x_wconf 80' lang='lat' dir='ltr'>Decembri,</span> <span class='ocrx_word' id='word_1_78' title='bbox 940 1356 1014 1418; x_wconf 81' lang='lat' dir='ltr'>qui</span> <span class='ocrx_word' id='word_1_79' title='bbox 1030 1353 1102 1399; x_wconf 76' lang='lat' dir='ltr'>di-</span> 
     </span>
     <span class='ocr_line' id='line_1_17' title="bbox 123 1419 1102 1491; baseline 0.003 -27"><span class='ocrx_word' id='word_1_80' title='bbox 123 1422 238 1466; x_wconf 74' lang='lat' dir='ltr'>citnr</span> <span class='ocrx_word' id='word_1_81' title='bbox 260 1421 309 1467; x_wconf 78' lang='lat' dir='ltr'>in</span> <span class='ocrx_word' id='word_1_82' title='bbox 329 1419 480 1472; x_wconf 58' lang='lat' dir='ltr'><em>Fastis</em></span> <span class='ocrx_word' id='word_1_83' title='bbox 497 1424 741 1491; x_wconf 80' lang='lat' dir='ltr'><em>Agonalia,</em></span> <span class='ocrx_word' id='word_1_84' title='bbox 778 1422 889 1491; x_wconf 74' lang='lat' dir='ltr'><em>quod</em></span> <span class='ocrx_word' id='word_1_85' title='bbox 902 1441 947 1471; x_wconf 88' lang='lat' dir='ltr'>eo</span> <span class='ocrx_word' id='word_1_86' title='bbox 962 1422 1036 1470; x_wconf 87' lang='lat' dir='ltr'>die</span> <span class='ocrx_word' id='word_1_87' title='bbox 1054 1427 1102 1470; x_wconf 86' lang='lat' dir='ltr'>in</span> 
     </span>
     <span class='ocr_line' id='line_1_18' title="bbox 113 1490 1098 1562; baseline 0.002 -25"><span class='ocrx_word' id='word_1_88' title='bbox 113 1490 278 1557; x_wconf 79' lang='lat' dir='ltr'>septem</span> <span class='ocrx_word' id='word_1_89' title='bbox 310 1492 522 1543; x_wconf 80' lang='lat' dir='ltr'>montibus</span> <span class='ocrx_word' id='word_1_90' title='bbox 536 1496 661 1562; x_wconf 81' lang='lat' dir='ltr'>fiunt</span> <span class='ocrx_word' id='word_1_91' title='bbox 675 1494 899 1562; x_wconf 73' lang='lat' dir='ltr'>sacrificia</span> <span class='ocrx_word' id='word_1_92' title='bbox 914 1528 930 1549; x_wconf 94' lang='lat'>,</span> <span class='ocrx_word' id='word_1_93' title='bbox 967 1493 1098 1542; x_wconf 89' lang='lat' dir='ltr'>Pala-</span> 
     </span>
     <span class='ocr_line' id='line_1_19' title="bbox 122 1559 1099 1632; baseline 0.004 -24"><span class='ocrx_word' id='word_1_94' title='bbox 122 1563 188 1608; x_wconf 73' lang='lat' dir='ltr'>tio</span> <span class='ocrx_word' id='word_1_95' title='bbox 200 1592 216 1614; x_wconf 87' lang='lat'>,</span> <span class='ocrx_word' id='word_1_96' title='bbox 243 1559 367 1610; x_wconf 81' lang='lat' dir='ltr'>Velia</span> <span class='ocrx_word' id='word_1_97' title='bbox 377 1598 393 1620; x_wconf 98' lang='lat'>,</span> <span class='ocrx_word' id='word_1_98' title='bbox 423 1564 625 1632; x_wconf 79' lang='lat' dir='ltr'>Fagutali</span> <span class='ocrx_word' id='word_1_99' title='bbox 638 1598 653 1620; x_wconf 89' lang='lat'>,</span> <span class='ocrx_word' id='word_1_100' title='bbox 670 1564 703 1613; x_wconf 85' lang='lat' dir='ltr'><em>S</em></span> <span class='ocrx_word' id='word_1_101' title='bbox 704 1563 834 1613; x_wconf 68' lang='lat' dir='ltr'>ubzrra</span> <span class='ocrx_word' id='word_1_102' title='bbox 845 1600 860 1621; x_wconf 90' lang='lat'>,</span> <span class='ocrx_word' id='word_1_103' title='bbox 877 1566 1067 1615; x_wconf 78' lang='lat' dir='ltr'>Cermalo</span> <span class='ocrx_word' id='word_1_104' title='bbox 1083 1596 1099 1625; x_wconf 77' lang='lat'>³.</span> 
     </span>
     <span class='ocr_line' id='line_1_20' title="bbox 122 1629 660 1701; baseline 0.002 -21"><span class='ocrx_word' id='word_1_105' title='bbox 122 1629 285 1687; x_wconf 77' lang='lat' dir='ltr'>Coelio,</span> <span class='ocrx_word' id='word_1_106' title='bbox 318 1632 428 1699; x_wconf 81' lang='lat' dir='ltr'>Opio</span> <span class='ocrx_word' id='word_1_107' title='bbox 441 1670 458 1691; x_wconf 91' lang='lat'>,</span> <span class='ocrx_word' id='word_1_108' title='bbox 487 1634 633 1701; x_wconf 81' lang='lat' dir='ltr'><em>Cispio</em></span> <span class='ocrx_word' id='word_1_109' title='bbox 650 1669 660 1680; x_wconf 88' lang='lat'><strong>.</strong></span> 
     </span>
    </p>
   </div>
   <div class='ocr_carea' id='block_1_3' title="bbox 194 1701 1099 1764">
    <p class='ocr_par' dir='ltr' id='par_1_8' title="bbox 194 1701 1099 1764">
     <span class='ocr_line' id='line_1_21' title="bbox 194 1701 1099 1764; baseline -0.001 -15"><span class='ocrx_word' id='word_1_110' title='bbox 194 1701 355 1764; x_wconf 63' lang='lat' dir='ltr'>Quam</span> <span class='ocrx_word' id='word_1_111' title='bbox 374 1704 471 1752; x_wconf 84' lang='lat' dir='ltr'>levi</span> <span class='ocrx_word' id='word_1_112' title='bbox 502 1717 662 1753; x_wconf 82' lang='lat' dir='ltr'>autem</span> <span class='ocrx_word' id='word_1_113' title='bbox 686 1703 998 1752; x_wconf 85' lang='lat' dir='ltr'>fundamento</span> <span class='ocrx_word' id='word_1_114' title='bbox 1029 1704 1099 1749; x_wconf 46' lang='lat' dir='ltr'>ni*</span> 
     </span>
    </p>
   </div>
   <div class='ocr_carea' id='block_1_4' title="bbox 123 1765 1111 1839">
    <p class='ocr_par' dir='ltr' id='par_1_9' title="bbox 123 1765 1111 1839">
     <span class='ocr_line' id='line_1_22' title="bbox 123 1765 1111 1839; baseline 0.002 -21"><span class='ocrx_word' id='word_1_115' title='bbox 123 1765 257 1818; x_wconf 83' lang='lat' dir='ltr'>tatur</span> <span class='ocrx_word' id='word_1_116' title='bbox 275 1772 458 1839; x_wconf 85' lang='lat' dir='ltr'>Ligorii</span> <span class='ocrx_word' id='word_1_117' title='bbox 478 1770 703 1822; x_wconf 86' lang='lat' dir='ltr'>sententia</span> <span class='ocrx_word' id='word_1_118' title='bbox 716 1810 732 1831; x_wconf 95' lang='lat'>,</span> <span class='ocrx_word' id='word_1_119' title='bbox 748 1791 892 1823; x_wconf 86' lang='lat' dir='ltr'>nemo</span> <span class='ocrx_word' id='word_1_120' title='bbox 910 1791 1002 1820; x_wconf 86' lang='lat' dir='ltr'>non</span> <span class='ocrx_word' id='word_1_121' title='bbox 1023 1775 1111 1820; x_wconf 46' lang='lat' dir='ltr'>viz</span> 
     </span>
    </p>
   </div>
   <div class='ocr_carea' id='block_1_5' title="bbox 119 1836 1100 1983">
    <p class='ocr_par' dir='ltr' id='par_1_10' title="bbox 119 1836 1100 1983">
     <span class='ocr_line' id='line_1_23' title="bbox 119 1836 1098 1911; baseline 0 -22"><span class='ocrx_word' id='word_1_122' title='bbox 119 1840 232 1901; x_wconf 81' lang='lat' dir='ltr'>det3</span> <span class='ocrx_word' id='word_1_123' title='bbox 246 1836 478 1895; x_wconf 88' lang='lat' dir='ltr'>frivolum</span> <span class='ocrx_word' id='word_1_124' title='bbox 504 1841 570 1892; x_wconf 90' lang='lat' dir='ltr'>est</span> <span class='ocrx_word' id='word_1_125' title='bbox 587 1846 715 1895; x_wconf 86' lang='lat' dir='ltr'>enirn</span> <span class='ocrx_word' id='word_1_126' title='bbox 733 1850 829 1908; x_wconf 88' lang='lat' dir='ltr'>ejus</span> <span class='ocrx_word' id='word_1_127' title='bbox 848 1861 1098 1911; x_wconf 84' lang='lat' dir='ltr'>argumen-</span> 
     </span>
     <span class='ocr_line' id='line_1_24' title="bbox 123 1910 1100 1983; baseline 0.004 -25"><span class='ocrx_word' id='word_1_128' title='bbox 123 1923 230 1958; x_wconf 80' lang='lat' dir='ltr'>tum</span> <span class='ocrx_word' id='word_1_129' title='bbox 267 1910 574 1982; x_wconf 87' lang='lat' dir='ltr'>desumptum</span> <span class='ocrx_word' id='word_1_130' title='bbox 608 1932 668 1966; x_wconf 80' lang='lat' dir='ltr'>ex</span> <span class='ocrx_word' id='word_1_131' title='bbox 704 1915 977 1983; x_wconf 86' lang='lat' dir='ltr'>Lupanariis</span> <span class='ocrx_word' id='word_1_132' title='bbox 1021 1913 1100 1962; x_wconf 87' lang='lat' dir='ltr'>de-</span> 
     </span>
    </p>
   </div>
   <div class='ocr_carea' id='block_1_6' title="bbox 119 1978 1105 2052">
    <p class='ocr_par' dir='ltr' id='par_1_11' title="bbox 119 1978 1105 2052">
     <span class='ocr_line' id='line_1_25' title="bbox 119 1978 1105 2052; baseline 0.001 -22"><span class='ocrx_word' id='word_1_133' title='bbox 119 1978 305 2048; x_wconf 77' lang='lat' dir='ltr'>scriptis</span> <span class='ocrx_word' id='word_1_134' title='bbox 323 1985 370 2031; x_wconf 86' lang='lat' dir='ltr'>in</span> <span class='ocrx_word' id='word_1_135' title='bbox 392 1986 583 2052; x_wconf 76' lang='lat' dir='ltr'>regione</span> <span class='ocrx_word' id='word_1_136' title='bbox 611 1984 811 2035; x_wconf 85' lang='lat' dir='ltr'>secunda</span> <span class='ocrx_word' id='word_1_137' title='bbox 837 1984 1105 2033; x_wconf 56' lang='lat' dir='ltr'>Coelimom</span> 
     </span>
    </p>
   </div>
   <div class='ocr_carea' id='block_1_7' title="bbox 109 2051 1098 3172">
    <p class='ocr_par' dir='ltr' id='par_1_12' title="bbox 109 2051 1098 2542">
     <span class='ocr_line' id='line_1_26' title="bbox 120 2051 1097 2122; baseline 0.004 -23"><span class='ocrx_word' id='word_1_138' title='bbox 120 2063 265 2110; x_wconf 83' lang='lat' dir='ltr'>tana,</span> <span class='ocrx_word' id='word_1_139' title='bbox 304 2051 413 2102; x_wconf 66' lang='lat' dir='ltr'>cum</span> <span class='ocrx_word' id='word_1_140' title='bbox 442 2056 522 2104; x_wconf 85' lang='lat' dir='ltr'>illa</span> <span class='ocrx_word' id='word_1_141' title='bbox 541 2055 654 2103; x_wconf 87' lang='lat' dir='ltr'>alibi</span> <span class='ocrx_word' id='word_1_142' title='bbox 683 2058 827 2105; x_wconf 88' lang='lat' dir='ltr'>etiam</span> <span class='ocrx_word' id='word_1_143' title='bbox 853 2051 986 2104; x_wconf 84' lang='lat' dir='ltr'>fuisse</span> <span class='ocrx_word' id='word_1_144' title='bbox 1019 2074 1097 2122; x_wconf 87' lang='lat' dir='ltr'>ap-</span> 
     </span>
     <span class='ocr_line' id='line_1_27' title="bbox 120 2123 1095 2193; baseline 0.004 -25"><span class='ocrx_word' id='word_1_145' title='bbox 120 2135 289 2189; x_wconf 79' lang='lat' dir='ltr'>pareat</span> <span class='ocrx_word' id='word_1_146' title='bbox 315 2160 326 2170; x_wconf 92' lang='lat'><strong>.</strong></span> <span class='ocrx_word' id='word_1_147' title='bbox 366 2125 565 2174; x_wconf 86' lang='lat' dir='ltr'>Tacitus</span> <span class='ocrx_word' id='word_1_148' title='bbox 604 2128 797 2193; x_wconf 88' lang='lat' dir='ltr'>loquens</span> <span class='ocrx_word' id='word_1_149' title='bbox 840 2126 899 2175; x_wconf 87' lang='lat' dir='ltr'>de</span> <span class='ocrx_word' id='word_1_150' title='bbox 936 2123 1095 2193; x_wconf 86' lang='lat' dir='ltr'>stagno</span> 
     </span>
     <span class='ocr_line' id='line_1_28' title="bbox 120 2193 1098 2264; baseline 0.009 -24"><span class='ocrx_word' id='word_1_151' title='bbox 120 2193 243 2259; x_wconf 84' lang='lat' dir='ltr'>Agri</span> <span class='ocrx_word' id='word_1_152' title='bbox 250 2211 350 2262; x_wconf 84' lang='lat' dir='ltr'>ppae</span> <span class='ocrx_word' id='word_1_153' title='bbox 369 2232 385 2253; x_wconf 91' lang='lat'>,</span> <span class='ocrx_word' id='word_1_154' title='bbox 404 2197 495 2245; x_wconf 89' lang='lat' dir='ltr'>ait:</span> <span class='ocrx_word' id='word_1_155' title='bbox 512 2199 551 2251; x_wconf 90' lang='lat' dir='ltr'>C</span> <span class='ocrx_word' id='word_1_156' title='bbox 553 2197 823 2264; x_wconf 78' lang='lat' dir='ltr'>repidinibus</span> <span class='ocrx_word' id='word_1_157' title='bbox 835 2198 869 2247; x_wconf 79' lang='lat' dir='ltr'><em>S</em></span> <span class='ocrx_word' id='word_1_158' title='bbox 870 2199 994 2264; x_wconf 73' lang='lat' dir='ltr'>mgni</span> <span class='ocrx_word' id='word_1_159' title='bbox 1007 2196 1098 2245; x_wconf 79' lang='lat' dir='ltr'><em>Lu·-</em></span> 
     </span>
     <span class='ocr_line' id='line_1_29' title="bbox 109 2265 1094 2334; baseline 0.005 -25"><span class='ocrx_word' id='word_1_160' title='bbox 109 2268 298 2329; x_wconf 82' lang='lat' dir='ltr'>panaria</span> <span class='ocrx_word' id='word_1_161' title='bbox 328 2267 561 2319; x_wconf 64' lang='lat' dir='ltr'>aa&#39;ffabant</span> <span class='ocrx_word' id='word_1_162' title='bbox 578 2304 593 2325; x_wconf 90' lang='lat'>,</span> <span class='ocrx_word' id='word_1_163' title='bbox 617 2267 869 2320; x_wconf 55' lang='lat' dir='ltr'>illustribus</span> <span class='ocrx_word' id='word_1_164' title='bbox 893 2265 1094 2334; x_wconf 62' lang='lat' dir='ltr'>faminis</span> 
     </span>
     <span class='ocr_line' id='line_1_30' title="bbox 118 2337 1094 2408; baseline 0.006 -28"><span class='ocrx_word' id='word_1_165' title='bbox 118 2337 323 2399; x_wconf 75' lang='lat' dir='ltr'>completa</span> <span class='ocrx_word' id='word_1_166' title='bbox 345 2372 362 2394; x_wconf 83' lang='lat'>‚</span> <span class='ocrx_word' id='word_1_167' title='bbox 409 2345 463 2388; x_wconf 61' lang='lat' dir='ltr'>(J</span> <span class='ocrx_word' id='word_1_168' title='bbox 494 2355 639 2387; x_wconf 81' lang='lat' dir='ltr'>contra</span> <span class='ocrx_word' id='word_1_169' title='bbox 659 2340 805 2408; x_wconf 81' lang='lat' dir='ltr'>scorta</span> <span class='ocrx_word' id='word_1_170' title='bbox 838 2337 1094 2406; x_wconf 67' lang='lat' dir='ltr'>vistebantar</span> 
     </span>
     <span class='ocr_line' id='line_1_31' title="bbox 120 2404 1094 2474; baseline 0.006 -23"><span class='ocrx_word' id='word_1_171' title='bbox 120 2404 247 2456; x_wconf 75' lang='lat' dir='ltr'>nudis</span> <span class='ocrx_word' id='word_1_172' title='bbox 272 2408 537 2474; x_wconf 65' lang='lat' dir='ltr'>corporibus,</span> <span class='ocrx_word' id='word_1_173' title='bbox 563 2408 646 2458; x_wconf 89' lang='lat' dir='ltr'>lib.</span> <span class='ocrx_word' id='word_1_174' title='bbox 679 2428 756 2472; x_wconf 86' lang='lat'>15.</span> <span class='ocrx_word' id='word_1_175' title='bbox 789 2409 1094 2462; x_wconf 68' lang='lat' dir='ltr'>Annalium-2</span> 
     </span>
     <span class='ocr_line' id='line_1_32' title="bbox 119 2489 328 2542; baseline 0 -20"><span class='ocrx_word' id='word_1_176' title='bbox 119 2491 222 2542; x_wconf 88' lang='lat' dir='ltr'>cap.</span> <span class='ocrx_word' id='word_1_177' title='bbox 248 2489 328 2534; x_wconf 82' lang='lat'>37.</span> 
     </span>
    </p>

    <p class='ocr_par' dir='ltr' id='par_1_13' title="bbox 116 2538 1097 2962">
     <span class='ocr_line' id='line_1_33' title="bbox 188 2538 1093 2617; baseline 0.008 -25"><span class='ocrx_word' id='word_1_178' title='bbox 188 2538 416 2594; x_wconf 74' lang='lat' dir='ltr'>Alterum</span> <span class='ocrx_word' id='word_1_179' title='bbox 442 2548 637 2616; x_wconf 86' lang='lat' dir='ltr'>lupanar</span> <span class='ocrx_word' id='word_1_180' title='bbox 663 2548 853 2598; x_wconf 77' lang='lat' dir='ltr'>extabat</span> <span class='ocrx_word' id='word_1_181' title='bbox 889 2550 935 2596; x_wconf 90' lang='lat' dir='ltr'>in</span> <span class='ocrx_word' id='word_1_182' title='bbox 963 2553 1093 2617; x_wconf 86' lang='lat' dir='ltr'>Ago-</span> 
     </span>
     <span class='ocr_line' id='line_1_34' title="bbox 118 2615 1096 2689; baseline 0.009 -27"><span class='ocrx_word' id='word_1_183' title='bbox 118 2615 215 2662; x_wconf 82' lang='lat' dir='ltr'>nali</span> <span class='ocrx_word' id='word_1_184' title='bbox 230 2617 390 2673; x_wconf 88' lang='lat' dir='ltr'>Circo,</span> <span class='ocrx_word' id='word_1_185' title='bbox 407 2616 466 2666; x_wconf 87' lang='lat' dir='ltr'>ad</span> <span class='ocrx_word' id='word_1_186' title='bbox 483 2619 611 2685; x_wconf 88' lang='lat' dir='ltr'>quod</span> <span class='ocrx_word' id='word_1_187' title='bbox 629 2620 769 2669; x_wconf 58' lang='lat' dir='ltr'>ducta</span> <span class='ocrx_word' id='word_1_188' title='bbox 784 2619 848 2670; x_wconf 85' lang='lat' dir='ltr'>est</span> <span class='ocrx_word' id='word_1_189' title='bbox 863 2623 911 2669; x_wconf 82' lang='lat' dir='ltr'>B.</span> <span class='ocrx_word' id='word_1_190' title='bbox 935 2625 1096 2689; x_wconf 82' lang='lat' dir='ltr'>Agnes</span> 
     </span>
     <span class='ocr_line' id='line_1_35' title="bbox 118 2686 1094 2756; baseline 0.006 -22"><span class='ocrx_word' id='word_1_191' title='bbox 118 2686 305 2751; x_wconf 78' lang='lat' dir='ltr'>Virgo,</span> <span class='ocrx_word' id='word_1_192' title='bbox 330 2688 378 2737; x_wconf 65' lang='grc' dir='ltr'>ὃς</span> <span class='ocrx_word' id='word_1_193' title='bbox 408 2691 622 2756; x_wconf 85' lang='lat' dir='ltr'>Martyr.</span> <span class='ocrx_word' id='word_1_194' title='bbox 653 2692 766 2739; x_wconf 88' lang='lat' dir='ltr'>Alia</span> <span class='ocrx_word' id='word_1_195' title='bbox 794 2689 964 2739; x_wconf 77' lang='lat' dir='ltr'>similia</span> <span class='ocrx_word' id='word_1_196' title='bbox 989 2694 1094 2740; x_wconf 87' lang='lat' dir='ltr'>loca</span> 
     </span>
     <span class='ocr_line' id='line_1_36' title="bbox 116 2753 1097 2828; baseline 0.006 -26"><span class='ocrx_word' id='word_1_197' title='bbox 116 2753 413 2804; x_wconf 86' lang='lat' dir='ltr'>habebantur</span> <span class='ocrx_word' id='word_1_198' title='bbox 433 2760 481 2805; x_wconf 90' lang='lat' dir='ltr'>in</span> <span class='ocrx_word' id='word_1_199' title='bbox 499 2762 644 2809; x_wconf 89' lang='lat' dir='ltr'>Circo</span> <span class='ocrx_word' id='word_1_200' title='bbox 665 2764 878 2810; x_wconf 82' lang='lat' dir='ltr'>maximo</span> <span class='ocrx_word' id='word_1_201' title='bbox 891 2797 907 2819; x_wconf 89' lang='lat'>,</span> <span class='ocrx_word' id='word_1_202' title='bbox 923 2780 981 2810; x_wconf 85' lang='lat' dir='ltr'>ex</span> <span class='ocrx_word' id='word_1_203' title='bbox 997 2763 1097 2828; x_wconf 87' lang='lat' dir='ltr'>qui·-</span> 
     </span>
     <span class='ocr_line' id='line_1_37' title="bbox 119 2824 1093 2898; baseline 0.009 -26"><span class='ocrx_word' id='word_1_204' title='bbox 119 2824 204 2872; x_wconf 90' lang='lat' dir='ltr'>bus</span> <span class='ocrx_word' id='word_1_205' title='bbox 234 2843 328 2876; x_wconf 90' lang='lat' dir='ltr'>non</span> <span class='ocrx_word' id='word_1_206' title='bbox 358 2846 451 2876; x_wconf 89' lang='lat' dir='ltr'>una</span> <span class='ocrx_word' id='word_1_207' title='bbox 468 2866 484 2888; x_wconf 86' lang='lat'>,</span> <span class='ocrx_word' id='word_1_208' title='bbox 512 2827 590 2879; x_wconf 86' lang='lat' dir='ltr'>sed</span> <span class='ocrx_word' id='word_1_209' title='bbox 613 2830 771 2898; x_wconf 87' lang='lat' dir='ltr'>plures</span> <span class='ocrx_word' id='word_1_210' title='bbox 793 2830 983 2881; x_wconf 85' lang='lat' dir='ltr'>Suburae</span> <span class='ocrx_word' id='word_1_211' title='bbox 1011 2833 1093 2880; x_wconf 88' lang='lat' dir='ltr'>de-</span> 
     </span>
     <span class='ocr_line' id='line_1_38' title="bbox 118 2894 458 2962; baseline 0.006 -18"><span class='ocrx_word' id='word_1_212' title='bbox 118 2894 230 2944; x_wconf 87' lang='lat' dir='ltr'>duci</span> <span class='ocrx_word' id='word_1_213' title='bbox 252 2895 428 2962; x_wconf 75' lang='lat' dir='ltr'>possent</span> <span class='ocrx_word' id='word_1_214' title='bbox 448 2935 458 2946; x_wconf 92' lang='lat'><strong>.</strong></span> 
     </span>
    </p>

    <p class='ocr_par' dir='ltr' id='par_1_14' title="bbox 118 2964 1094 3172">
     <span class='ocr_line' id='line_1_39' title="bbox 190 2964 1094 3041; baseline 0.01 -30"><span class='ocrx_word' id='word_1_215' title='bbox 190 2966 294 3013; x_wconf 89' lang='lat' dir='ltr'>Nec</span> <span class='ocrx_word' id='word_1_216' title='bbox 314 2964 445 3015; x_wconf 86' lang='lat' dir='ltr'>firma</span> <span class='ocrx_word' id='word_1_217' title='bbox 465 2972 790 3019; x_wconf 84' lang='lat' dir='ltr'>Romanarum</span> <span class='ocrx_word' id='word_1_218' title='bbox 815 2975 1094 3041; x_wconf 84' lang='lat' dir='ltr'>Regionum</span> 
     </span>
     <span class='ocr_line' id='line_1_40' title="bbox 118 3033 1089 3092; baseline 0.007 -9"><span class='ocrx_word' id='word_1_219' title='bbox 118 3033 410 3084; x_wconf 60' lang='lat' dir='ltr'>Austoribus</span> <span class='ocrx_word' id='word_1_220' title='bbox 425 3040 451 3086; x_wconf 67' lang='lat' dir='ltr'>a</span> <span class='ocrx_word' id='word_1_221' title='bbox 476 3040 706 3090; x_wconf 85' lang='lat' dir='ltr'>Panvinio</span> <span class='ocrx_word' id='word_1_222' title='bbox 726 3042 864 3091; x_wconf 86' lang='lat' dir='ltr'>editis</span> <span class='ocrx_word' id='word_1_223' title='bbox 881 3043 994 3092; x_wconf 85' lang='lat' dir='ltr'>fides</span> <span class='ocrx_word' id='word_1_224' title='bbox 1008 3043 1089 3090; x_wconf 88' lang='lat' dir='ltr'>ha-</span> 
     </span>
     <span class='ocr_line' id='line_1_41' title="bbox 118 3103 1086 3172; baseline 0.009 -21"><span class='ocrx_word' id='word_1_225' title='bbox 118 3103 221 3152; x_wconf 89' lang='lat' dir='ltr'>beri</span> <span class='ocrx_word' id='word_1_226' title='bbox 237 3106 516 3172; x_wconf 75' lang='lat' dir='ltr'>potest,cum</span> <span class='ocrx_word' id='word_1_227' title='bbox 538 3111 661 3160; x_wconf 89' lang='lat' dir='ltr'>inter</span> <span class='ocrx_word' id='word_1_228' title='bbox 678 3110 721 3161; x_wconf 92' lang='lat' dir='ltr'>se</span> <span class='ocrx_word' id='word_1_229' title='bbox 740 3116 964 3162; x_wconf 81' lang='lat' dir='ltr'>contrarii</span> <span class='ocrx_word' id='word_1_230' title='bbox 984 3111 1086 3160; x_wconf 83' lang='lat' dir='ltr'>fint.</span> 
     </span>
    </p>
   </div>
   <div class='ocr_carea' id='block_1_8' title="bbox 116 3176 1087 3252">
    <p class='ocr_par' dir='ltr' id='par_1_15' title="bbox 116 3176 1087 3252">
     <span class='ocr_line' id='line_1_42' title="bbox 116 3176 1087 3252; baseline 0.006 -28"><span class='ocrx_word' id='word_1_231' title='bbox 116 3176 250 3224; x_wconf 90' lang='lat' dir='ltr'>Nam</span> <span class='ocrx_word' id='word_1_232' title='bbox 276 3177 322 3223; x_wconf 87' lang='lat' dir='ltr'>P.</span> <span class='ocrx_word' id='word_1_233' title='bbox 345 3177 517 3227; x_wconf 58' lang='lat' dir='ltr'>Vffim</span> <span class='ocrx_word' id='word_1_234' title='bbox 546 3178 602 3226; x_wconf 80' lang='lat' dir='ltr'>ab</span> <span class='ocrx_word' id='word_1_235' title='bbox 620 3183 750 3232; x_wconf 80' lang='lat' dir='ltr'>Aldo</span> <span class='ocrx_word' id='word_1_236' title='bbox 783 3181 1020 3252; x_wconf 73' lang='lat' dir='ltr'>impressus</span> <span class='ocrx_word' id='word_1_237' title='bbox 1039 3186 1087 3231; x_wconf 84' lang='lat' dir='ltr'>in</span> 
     </span>
    </p>
   </div>
   <div class='ocr_carea' id='block_1_9' title="bbox 1159 319 2134 420">
    <p class='ocr_par' dir='ltr' id='par_1_16' title="bbox 1159 319 2134 420">
     <span class='ocr_line' id='line_1_43' title="bbox 2039 319 2134 360; baseline 0.011 -1"><span class='ocrx_word' id='word_1_238' title='bbox 2039 319 2063 348; x_wconf 74' lang='lat'>2</span> <span class='ocrx_word' id='word_1_239' title='bbox 2111 319 2134 360; x_wconf 81' lang='lat'><em>3</em></span> 
     </span>
     <span class='ocr_line' id='line_1_44' title="bbox 1159 320 2133 420; baseline 0.007 -9"><span class='ocrx_word' id='word_1_240' title='bbox 1159 365 1350 412; x_wconf 85' lang='lat' dir='ltr'>viniana</span> <span class='ocrx_word' id='word_1_241' title='bbox 1368 369 1484 414; x_wconf 65' lang='lat' dir='ltr'>ver&amp;</span> <span class='ocrx_word' id='word_1_242' title='bbox 1501 366 1652 414; x_wconf 77' lang='lat' dir='ltr'>editio</span> <span class='ocrx_word' id='word_1_243' title='bbox 1679 366 1838 416; x_wconf 80' lang='lat' dir='ltr'>addit:</span> <span class='ocrx_word' id='word_1_244' title='bbox 1878 371 1924 415; x_wconf 88' lang='lat' dir='ltr'>in</span> <span class='ocrx_word' id='word_1_245' title='bbox 1944 320 2133 420; x_wconf 57' lang='lat' dir='ltr'>Subursa.</span> 
     </span>
    </p>
   </div>
   <div class='ocr_carea' id='block_1_10' title="bbox 1148 433 2136 2685">
    <p class='ocr_par' dir='ltr' id='par_1_17' title="bbox 1153 433 2136 1137">
     <span class='ocr_line' id='line_1_45' title="bbox 1159 433 2132 505; baseline 0.006 -21"><span class='ocrx_word' id='word_1_246' title='bbox 1159 433 1300 484; x_wconf 86' lang='lat' dir='ltr'>Idem</span> <span class='ocrx_word' id='word_1_247' title='bbox 1329 436 1502 486; x_wconf 55' lang='lat' dir='ltr'>Victor</span> <span class='ocrx_word' id='word_1_248' title='bbox 1528 441 1660 499; x_wconf 85' lang='lat' dir='ltr'>juxta</span> <span class='ocrx_word' id='word_1_249' title='bbox 1701 440 1857 505; x_wconf 84' lang='lat' dir='ltr'>plures</span> <span class='ocrx_word' id='word_1_250' title='bbox 1889 439 2132 490; x_wconf 63' lang='lat' dir='ltr'>aliorum-,³</span> 
     </span>
     <span class='ocr_line' id='line_1_46' title="bbox 1159 504 2133 575; baseline 0.004 -20"><span class='ocrx_word' id='word_1_251' title='bbox 1159 504 1396 555; x_wconf 85' lang='lat' dir='ltr'>editiones</span> <span class='ocrx_word' id='word_1_252' title='bbox 1422 506 1629 557; x_wconf 83' lang='lat' dir='ltr'>Suburam</span> <span class='ocrx_word' id='word_1_253' title='bbox 1665 509 1712 554; x_wconf 93' lang='lat' dir='ltr'>in</span> <span class='ocrx_word' id='word_1_254' title='bbox 1748 511 1884 558; x_wconf 84' lang='lat' dir='ltr'>tertia</span> <span class='ocrx_word' id='word_1_255' title='bbox 1918 510 2133 575; x_wconf 79' lang='lat' dir='ltr'>Regione</span> 
     </span>
     <span class='ocr_line' id='line_1_47' title="bbox 1158 577 2133 643; baseline 0.007 -21"><span class='ocrx_word' id='word_1_256' title='bbox 1158 577 1380 643; x_wconf 83' lang='lat' dir='ltr'>reponit,</span> <span class='ocrx_word' id='word_1_257' title='bbox 1418 595 1559 643; x_wconf 85' lang='lat' dir='ltr'>quam</span> <span class='ocrx_word' id='word_1_258' title='bbox 1595 578 1852 638; x_wconf 83' lang='lat' dir='ltr'>Panvinius</span> <span class='ocrx_word' id='word_1_259' title='bbox 1885 580 1932 624; x_wconf 90' lang='lat' dir='ltr'>in</span> <span class='ocrx_word' id='word_1_260' title='bbox 1964 579 2133 629; x_wconf 56' lang='lat' dir='ltr'>Suburae</span> 
     </span>
     <span class='ocr_line' id='line_1_48' title="bbox 1158 650 2129 715; baseline 0.005 -22"><span class='ocrx_word' id='word_1_261' title='bbox 1158 660 1279 711; x_wconf 78' lang='lat' dir='ltr'>caput</span> <span class='ocrx_word' id='word_1_262' title='bbox 1294 650 1616 695; x_wconf 87' lang='lat' dir='ltr'>commutavit</span> <span class='ocrx_word' id='word_1_263' title='bbox 1633 683 1643 693; x_wconf 88' lang='lat'><strong>.</strong></span> <span class='ocrx_word' id='word_1_264' title='bbox 1666 651 1883 715; x_wconf 85' lang='lat' dir='ltr'>Denique</span> <span class='ocrx_word' id='word_1_265' title='bbox 1902 652 2007 697; x_wconf 80' lang='lat' dir='ltr'>Sex.</span> <span class='ocrx_word' id='word_1_266' title='bbox 2028 654 2129 698; x_wconf 83' lang='lat' dir='ltr'>Ru-</span> 
     </span>
     <span class='ocr_line' id='line_1_49' title="bbox 1156 714 2135 786; baseline 0.006 -24"><span class='ocrx_word' id='word_1_267' title='bbox 1156 714 1229 764; x_wconf 85' lang='lat' dir='ltr'>fus</span> <span class='ocrx_word' id='word_1_268' title='bbox 1253 715 1309 763; x_wconf 89' lang='lat' dir='ltr'>ab</span> <span class='ocrx_word' id='word_1_269' title='bbox 1337 714 1436 785; x_wconf 83' lang='lat' dir='ltr'>ipso</span> <span class='ocrx_word' id='word_1_270' title='bbox 1455 718 1685 766; x_wconf 85' lang='lat' dir='ltr'>Panvinio</span> <span class='ocrx_word' id='word_1_271' title='bbox 1713 720 1937 786; x_wconf 85' lang='lat' dir='ltr'>vulgatus</span> <span class='ocrx_word' id='word_1_272' title='bbox 1967 721 2014 767; x_wconf 90' lang='lat' dir='ltr'>in</span> <span class='ocrx_word' id='word_1_273' title='bbox 2036 724 2135 769; x_wconf 89' lang='lat' dir='ltr'>Re-</span> 
     </span>
     <span class='ocr_line' id='line_1_50' title="bbox 1156 782 2135 856; baseline 0.009 -23"><span class='ocrx_word' id='word_1_274' title='bbox 1156 782 1485 853; x_wconf 33' lang='lat' dir='ltr'>gione‘quinta</span> <span class='ocrx_word' id='word_1_275' title='bbox 1518 786 1756 854; x_wconf 83' lang='lat' dir='ltr'>Esquilina</span> <span class='ocrx_word' id='word_1_276' title='bbox 1784 791 1920 856; x_wconf 89' lang='lat' dir='ltr'>ponit</span> <span class='ocrx_word' id='word_1_277' title='bbox 1950 791 2135 842; x_wconf 62' lang='lat' dir='ltr'>Vicum-³</span> 
     </span>
     <span class='ocr_line' id='line_1_51' title="bbox 1154 856 2134 925; baseline 0.003 -20"><span class='ocrx_word' id='word_1_278' title='bbox 1154 857 1430 925; x_wconf 71' lang='lat' dir='ltr'><em>Succusanam</em></span> <span class='ocrx_word' id='word_1_279' title='bbox 1446 893 1462 914; x_wconf 90' lang='lat'>,</span> <span class='ocrx_word' id='word_1_280' title='bbox 1489 859 1514 905; x_wconf 71' lang='lat' dir='ltr'>a</span> <span class='ocrx_word' id='word_1_281' title='bbox 1536 856 1630 924; x_wconf 88' lang='lat' dir='ltr'>quo</span> <span class='ocrx_word' id='word_1_282' title='bbox 1648 857 1828 906; x_wconf 89' lang='lat' dir='ltr'>Subura</span> <span class='ocrx_word' id='word_1_283' title='bbox 1854 877 2026 909; x_wconf 87' lang='lat' dir='ltr'>nomen</span> <span class='ocrx_word' id='word_1_284' title='bbox 2047 874 2134 908; x_wconf 86' lang='lat' dir='ltr'>tra-</span> 
     </span>
     <span class='ocr_line' id='line_1_52' title="bbox 1155 929 2136 996; baseline 0.004 -22"><span class='ocrx_word' id='word_1_285' title='bbox 1155 929 1242 974; x_wconf 79' lang='lat' dir='ltr'>xit.</span> <span class='ocrx_word' id='word_1_286' title='bbox 1257 929 1511 994; x_wconf 85' lang='lat' dir='ltr'>Propterea</span> <span class='ocrx_word' id='word_1_287' title='bbox 1533 930 1800 996; x_wconf 81' lang='lat' dir='ltr'>praecitatus</span> <span class='ocrx_word' id='word_1_288' title='bbox 1814 930 2136 988; x_wconf 72' lang='lat' dir='ltr'>Mai-tinellus,</span> 
     </span>
     <span class='ocr_line' id='line_1_53' title="bbox 1157 996 2126 1066; baseline 0.003 -22"><span class='ocrx_word' id='word_1_289' title='bbox 1157 1012 1211 1045; x_wconf 86' lang='lat' dir='ltr'>ut</span> <span class='ocrx_word' id='word_1_290' title='bbox 1240 996 1575 1066; x_wconf 82' lang='lat' dir='ltr'>ambiguitates</span> <span class='ocrx_word' id='word_1_291' title='bbox 1604 999 1860 1057; x_wconf 86' lang='lat' dir='ltr'>tollantur,</span> <span class='ocrx_word' id='word_1_292' title='bbox 1887 998 1948 1048; x_wconf 86' lang='lat' dir='ltr'>fic</span> <span class='ocrx_word' id='word_1_293' title='bbox 1966 999 2126 1048; x_wconf 81' lang='lat' dir='ltr'>distin-</span> 
     </span>
     <span class='ocr_line' id='line_1_54' title="bbox 1153 1066 1688 1137; baseline 0.002 -22"><span class='ocrx_word' id='word_1_294' title='bbox 1153 1068 1400 1137; x_wconf 87' lang='lat' dir='ltr'>guendum</span> <span class='ocrx_word' id='word_1_295' title='bbox 1426 1066 1688 1116; x_wconf 80' lang='lat' dir='ltr'>existimat.</span> 
     </span>
    </p>

    <p class='ocr_par' dir='ltr' id='par_1_18' title="bbox 1149 1137 2132 1980">
     <span class='ocr_line' id='line_1_55' title="bbox 1227 1137 2127 1206; baseline -0.003 -20"><span class='ocrx_word' id='word_1_296' title='bbox 1227 1141 1273 1187; x_wconf 91' lang='lat' dir='ltr'>Si</span> <span class='ocrx_word' id='word_1_297' title='bbox 1291 1152 1460 1206; x_wconf 84' lang='lat' dir='ltr'>agatur</span> <span class='ocrx_word' id='word_1_298' title='bbox 1484 1138 1543 1188; x_wconf 90' lang='lat' dir='ltr'>de</span> <span class='ocrx_word' id='word_1_299' title='bbox 1566 1141 1755 1205; x_wconf 87' lang='lat' dir='ltr'>antiqua</span> <span class='ocrx_word' id='word_1_300' title='bbox 1773 1137 1909 1192; x_wconf 83' lang='lat' dir='ltr'>Urbe</span> <span class='ocrx_word' id='word_1_301' title='bbox 1929 1175 1944 1195; x_wconf 94' lang='lat'>,</span> <span class='ocrx_word' id='word_1_302' title='bbox 1982 1140 2029 1184; x_wconf 91' lang='lat' dir='ltr'>in</span> <span class='ocrx_word' id='word_1_303' title='bbox 2052 1155 2127 1184; x_wconf 89' lang='lat' dir='ltr'>cu-</span> 
     </span>
     <span class='ocr_line' id='line_1_56' title="bbox 1153 1208 2125 1276; baseline -0.001 -21"><span class='ocrx_word' id='word_1_304' title='bbox 1153 1213 1224 1271; x_wconf 75' lang='lat' dir='ltr'>Jus</span> <span class='ocrx_word' id='word_1_305' title='bbox 1252 1210 1494 1259; x_wconf 87' lang='lat' dir='ltr'>Pomoerio</span> <span class='ocrx_word' id='word_1_306' title='bbox 1519 1210 1782 1269; x_wconf 83' lang='lat' dir='ltr'>Palatinus,</span> <span class='ocrx_word' id='word_1_307' title='bbox 1819 1212 1868 1261; x_wconf 64' lang='grc' dir='ltr'>ὃς</span> <span class='ocrx_word' id='word_1_308' title='bbox 1886 1208 2125 1276; x_wconf 86' lang='lat' dir='ltr'>Capitoli-</span> 
     </span>
     <span class='ocr_line' id='line_1_57' title="bbox 1154 1277 2130 1339; baseline -0.001 -14"><span class='ocrx_word' id='word_1_309' title='bbox 1154 1296 1238 1327; x_wconf 89' lang='lat' dir='ltr'>nus</span> <span class='ocrx_word' id='word_1_310' title='bbox 1263 1280 1425 1339; x_wconf 85' lang='lat' dir='ltr'>Colles</span> <span class='ocrx_word' id='word_1_311' title='bbox 1451 1277 1845 1338; x_wconf 84' lang='lat' dir='ltr'>includebantur,</span> <span class='ocrx_word' id='word_1_312' title='bbox 1872 1278 2130 1328; x_wconf 86' lang='lat' dir='ltr'>dicendum</span> 
     </span>
     <span class='ocr_line' id='line_1_58' title="bbox 1153 1345 2132 1418; baseline 0.005 -24"><span class='ocrx_word' id='word_1_313' title='bbox 1153 1347 1248 1404; x_wconf 86' lang='lat' dir='ltr'>est,</span> <span class='ocrx_word' id='word_1_314' title='bbox 1281 1350 1488 1399; x_wconf 81' lang='lat' dir='ltr'>Suburam</span> <span class='ocrx_word' id='word_1_315' title='bbox 1513 1345 1644 1398; x_wconf 78' lang='lat' dir='ltr'>fuiffe</span> <span class='ocrx_word' id='word_1_316' title='bbox 1664 1355 1792 1399; x_wconf 78' lang='lat' dir='ltr'><em>viam</em></span> <span class='ocrx_word' id='word_1_317' title='bbox 1809 1351 1893 1418; x_wconf 71' lang='lat' dir='ltr'>fitb</span> <span class='ocrx_word' id='word_1_318' title='bbox 1912 1354 2132 1416; x_wconf 45' lang='lat' dir='ltr'>antiquas</span> 
     </span>
     <span class='ocr_line' id='line_1_59' title="bbox 1155 1416 2127 1476; baseline 0 -12"><span class='ocrx_word' id='word_1_319' title='bbox 1155 1416 1278 1468; x_wconf 78' lang='lat' dir='ltr'>Urbe</span> <span class='ocrx_word' id='word_1_320' title='bbox 1304 1437 1430 1471; x_wconf 82' lang='lat' dir='ltr'>extra</span> <span class='ocrx_word' id='word_1_321' title='bbox 1445 1420 1699 1469; x_wconf 85' lang='lat' dir='ltr'>Pomoerium</span> <span class='ocrx_word' id='word_1_322' title='bbox 1728 1425 1776 1468; x_wconf 83' lang='lat' dir='ltr'>in</span> <span class='ocrx_word' id='word_1_323' title='bbox 1794 1437 1840 1467; x_wconf 88' lang='lat' dir='ltr'>ea</span> <span class='ocrx_word' id='word_1_324' title='bbox 1863 1423 2008 1476; x_wconf 84' lang='lat' dir='ltr'>Valle,</span> <span class='ocrx_word' id='word_1_325' title='bbox 2046 1417 2127 1465; x_wconf 87' lang='lat' dir='ltr'>ubi</span> 
     </span>
     <span class='ocr_line' id='line_1_60' title="bbox 1149 1488 2132 1557; baseline 0 -21"><span class='ocrx_word' id='word_1_326' title='bbox 1149 1505 1274 1536; x_wconf 91' lang='lat' dir='ltr'>nunc</span> <span class='ocrx_word' id='word_1_327' title='bbox 1295 1488 1361 1539; x_wconf 91' lang='lat' dir='ltr'>est</span> <span class='ocrx_word' id='word_1_328' title='bbox 1381 1489 1809 1557; x_wconf 81' lang='lat' dir='ltr'>Amphitheatrum</span> <span class='ocrx_word' id='word_1_329' title='bbox 1829 1491 2023 1539; x_wconf 59' lang='lat' dir='ltr'>Tirfflx</span> <span class='ocrx_word' id='word_1_330' title='bbox 2042 1506 2132 1555; x_wconf 85' lang='lat' dir='ltr'>quo</span> 
     </span>
     <span class='ocr_line' id='line_1_61' title="bbox 1150 1557 2128 1627; baseline -0.001 -21"><span class='ocrx_word' id='word_1_331' title='bbox 1150 1557 1323 1609; x_wconf 87' lang='lat' dir='ltr'>deinde</span> <span class='ocrx_word' id='word_1_332' title='bbox 1353 1557 1521 1627; x_wconf 87' lang='lat' dir='ltr'>probat</span> <span class='ocrx_word' id='word_1_333' title='bbox 1544 1595 1560 1615; x_wconf 95' lang='lat'>,</span> <span class='ocrx_word' id='word_1_334' title='bbox 1600 1559 1727 1625; x_wconf 68' lang='lat' dir='ltr'>quod</span> <span class='ocrx_word' id='word_1_335' title='bbox 1761 1560 1825 1607; x_wconf 84' lang='lat' dir='ltr'>ibi</span> <span class='ocrx_word' id='word_1_336' title='bbox 1856 1561 2128 1609; x_wconf 84' lang='lat' dir='ltr'>meretrices</span> 
     </span>
     <span class='ocr_line' id='line_1_62' title="bbox 1151 1626 2132 1697; baseline -0.001 -22"><span class='ocrx_word' id='word_1_337' title='bbox 1151 1628 1444 1697; x_wconf 87' lang='lat' dir='ltr'>prostarent,</span> <span class='ocrx_word' id='word_1_338' title='bbox 1481 1626 1590 1677; x_wconf 68' lang='lat' dir='ltr'>cum</span> <span class='ocrx_word' id='word_1_339' title='bbox 1616 1628 1798 1677; x_wconf 86' lang='lat' dir='ltr'>Subura</span> <span class='ocrx_word' id='word_1_340' title='bbox 1826 1630 1952 1679; x_wconf 49' lang='lat' dir='ltr'>dicia</span> <span class='ocrx_word' id='word_1_341' title='bbox 1985 1629 2132 1678; x_wconf 82' lang='lat' dir='ltr'>fuerit</span> 
     </span>
     <span class='ocr_line' id='line_1_63' title="bbox 1151 1696 2129 1767; baseline 0.001 -21"><span class='ocrx_word' id='word_1_342' title='bbox 1151 1698 1236 1746; x_wconf 87' lang='lat' dir='ltr'>sub</span> <span class='ocrx_word' id='word_1_343' title='bbox 1259 1702 1448 1767; x_wconf 81' lang='lat' dir='ltr'>antiqua</span> <span class='ocrx_word' id='word_1_344' title='bbox 1467 1696 1604 1752; x_wconf 89' lang='lat' dir='ltr'>Urbe</span> <span class='ocrx_word' id='word_1_345' title='bbox 1621 1736 1636 1757; x_wconf 89' lang='lat'>,</span> <span class='ocrx_word' id='word_1_346' title='bbox 1652 1719 1703 1748; x_wconf 89' lang='lat' dir='ltr'>ac</span> <span class='ocrx_word' id='word_1_347' title='bbox 1725 1697 1806 1747; x_wconf 87' lang='lat' dir='ltr'>sub</span> <span class='ocrx_word' id='word_1_348' title='bbox 1824 1714 1977 1749; x_wconf 88' lang='lat' dir='ltr'>terreo</span> <span class='ocrx_word' id='word_1_349' title='bbox 1993 1717 2129 1747; x_wconf 88' lang='lat' dir='ltr'>muro</span> 
     </span>
     <span class='ocr_line' id='line_1_64' title="bbox 1151 1768 2131 1840; baseline -0.001 -22"><span class='ocrx_word' id='word_1_350' title='bbox 1151 1772 1467 1827; x_wconf 86' lang='lat' dir='ltr'>Carinarum,</span> <span class='ocrx_word' id='word_1_351' title='bbox 1505 1771 1553 1820; x_wconf 83' lang='lat'>&amp;</span> <span class='ocrx_word' id='word_1_352' title='bbox 1573 1772 1700 1818; x_wconf 87' lang='lat' dir='ltr'>locus</span> <span class='ocrx_word' id='word_1_353' title='bbox 1727 1768 1807 1840; x_wconf 32' lang='lat' dir='ltr'>ixste</span> <span class='ocrx_word' id='word_1_354' title='bbox 1839 1773 1864 1819; x_wconf 69' lang='lat' dir='ltr'>a</span> <span class='ocrx_word' id='word_1_355' title='bbox 1892 1770 2131 1818; x_wconf 85' lang='lat' dir='ltr'>nonnullis</span> 
     </span>
     <span class='ocr_line' id='line_1_65' title="bbox 1152 1841 2129 1902; baseline -0.005 -12"><span class='ocrx_word' id='word_1_356' title='bbox 1152 1841 1185 1890; x_wconf 82' lang='lat' dir='ltr'><em>S</em></span> <span class='ocrx_word' id='word_1_357' title='bbox 1186 1847 1451 1891; x_wconf 79' lang='lat' dir='ltr'><em>ummoenium</em></span> <span class='ocrx_word' id='word_1_358' title='bbox 1467 1841 1988 1902; x_wconf 81' lang='lat' dir='ltr'>denominetur3Quare</span> <span class='ocrx_word' id='word_1_359' title='bbox 2003 1843 2129 1889; x_wconf 81' lang='lat' dir='ltr'>Mar-</span> 
     </span>
     <span class='ocr_line' id='line_1_66' title="bbox 1153 1912 1705 1980; baseline -0.002 -21"><span class='ocrx_word' id='word_1_360' title='bbox 1153 1913 1277 1960; x_wconf 85' lang='lat' dir='ltr'>tialis</span> <span class='ocrx_word' id='word_1_361' title='bbox 1301 1912 1383 1960; x_wconf 87' lang='lat' dir='ltr'>lib.</span> <span class='ocrx_word' id='word_1_362' title='bbox 1405 1927 1447 1969; x_wconf 83' lang='lat'>3.</span> <span class='ocrx_word' id='word_1_363' title='bbox 1468 1913 1604 1980; x_wconf 83' lang='lat' dir='ltr'>Epig.</span> <span class='ocrx_word' id='word_1_364' title='bbox 1624 1916 1705 1960; x_wconf 86' lang='lat'>82.</span> 
     </span>
    </p>

    <p class='ocr_par' dir='ltr' id='par_1_19' title="bbox 1222 1982 2078 2051">
     <span class='ocr_line' id='line_1_67' title="bbox 1222 1982 2078 2051; baseline -0.002 -17"><span class='ocrx_word' id='word_1_365' title='bbox 1222 1985 1440 2034; x_wconf 74' lang='lat' dir='ltr'><em>Conviva</em></span> <span class='ocrx_word' id='word_1_366' title='bbox 1463 1984 1651 2051; x_wconf 74' lang='lat' dir='ltr'>quisquis</span> <span class='ocrx_word' id='word_1_367' title='bbox 1671 1982 1795 2033; x_wconf 77' lang='lat' dir='ltr'><em>Zoili</em></span> <span class='ocrx_word' id='word_1_368' title='bbox 1803 1983 1951 2048; x_wconf 59' lang='lat' dir='ltr'>potest</span> <span class='ocrx_word' id='word_1_369' title='bbox 1968 1982 2045 2050; x_wconf 73' lang='lat' dir='ltr'><em>ff</em></span> <span class='ocrx_word' id='word_1_370' title='bbox 2060 2017 2078 2039; x_wconf 70' lang='lat'><em>2</em></span> 
     </span>
    </p>

    <p class='ocr_par' dir='ltr' id='par_1_20' title="bbox 1219 2054 2021 2104">
     <span class='ocr_line' id='line_1_68' title="bbox 1219 2054 2021 2104; baseline -0.005 -1"><span class='ocrx_word' id='word_1_371' title='bbox 1219 2054 1555 2104; x_wconf 73' lang='lat' dir='ltr'><em>Sammoenianas</em></span> <span class='ocrx_word' id='word_1_372' title='bbox 1572 2069 1700 2102; x_wconf 75' lang='lat' dir='ltr'>coenet</span> <span class='ocrx_word' id='word_1_373' title='bbox 1714 2057 1829 2103; x_wconf 79' lang='lat' dir='ltr'>inter</span> <span class='ocrx_word' id='word_1_374' title='bbox 1844 2072 1996 2102; x_wconf 85' lang='lat' dir='ltr'>uxores</span> <span class='ocrx_word' id='word_1_375' title='bbox 2009 2088 2021 2099; x_wconf 89' lang='lat'><strong>.</strong></span> 
     </span>
    </p>

    <p class='ocr_par' dir='ltr' id='par_1_21' title="bbox 1150 2123 1655 2191">
     <span class='ocr_line' id='line_1_69' title="bbox 1150 2123 1655 2191; baseline -0.006 -20"><span class='ocrx_word' id='word_1_376' title='bbox 1150 2126 1210 2172; x_wconf 81' lang='lat' dir='ltr'>Et</span> <span class='ocrx_word' id='word_1_377' title='bbox 1232 2123 1312 2171; x_wconf 86' lang='lat' dir='ltr'>lib.</span> <span class='ocrx_word' id='word_1_378' title='bbox 1342 2143 1398 2172; x_wconf 87' lang='lat'>12</span> <span class='ocrx_word' id='word_1_379' title='bbox 1419 2125 1556 2191; x_wconf 84' lang='lat' dir='ltr'>Epig.</span> <span class='ocrx_word' id='word_1_380' title='bbox 1575 2137 1655 2180; x_wconf 76' lang='lat'>32.</span> 
     </span>
    </p>

    <p class='ocr_par' dir='ltr' id='par_1_22' title="bbox 1217 2191 2072 2261">
     <span class='ocr_line' id='line_1_70' title="bbox 1217 2191 2072 2261; baseline -0.006 -16"><span class='ocrx_word' id='word_1_381' title='bbox 1217 2193 1312 2245; x_wconf 87' lang='lat' dir='ltr'>Nec</span> <span class='ocrx_word' id='word_1_382' title='bbox 1321 2198 1451 2260; x_wconf 77' lang='lat' dir='ltr'>plena</span> <span class='ocrx_word' id='word_1_383' title='bbox 1464 2197 1581 2260; x_wconf 81' lang='lat' dir='ltr'>turpi</span> <span class='ocrx_word' id='word_1_384' title='bbox 1602 2191 1669 2241; x_wconf 89' lang='lat' dir='ltr'><em>M</em></span> <span class='ocrx_word' id='word_1_385' title='bbox 1670 2198 1780 2242; x_wconf 74' lang='lat' dir='ltr'>acris</span> <span class='ocrx_word' id='word_1_386' title='bbox 1798 2196 1884 2244; x_wconf 87' lang='lat' dir='ltr'>olla</span> <span class='ocrx_word' id='word_1_387' title='bbox 1901 2191 2037 2261; x_wconf 73' lang='lat' dir='ltr'>rcfina</span> <span class='ocrx_word' id='word_1_388' title='bbox 2054 2230 2072 2252; x_wconf 82' lang='lat'>‚</span> 
     </span>
    </p>

    <p class='ocr_par' dir='ltr' id='par_1_23' title="bbox 1148 2265 2040 2402">
     <span class='ocr_line' id='line_1_71' title="bbox 1214 2265 2040 2331; baseline -0.008 -16"><span class='ocrx_word' id='word_1_389' title='bbox 1214 2266 1247 2315; x_wconf 87' lang='lat' dir='ltr'><em>S</em></span> <span class='ocrx_word' id='word_1_390' title='bbox 1249 2269 1535 2315; x_wconf 81' lang='lat' dir='ltr'><em>ummoem&#39;anae</em></span> <span class='ocrx_word' id='word_1_391' title='bbox 1557 2280 1636 2331; x_wconf 78' lang='lat' dir='ltr'>qua</span> <span class='ocrx_word' id='word_1_392' title='bbox 1643 2265 1842 2329; x_wconf 75' lang='lat' dir='ltr'>pilantur</span> <span class='ocrx_word' id='word_1_393' title='bbox 1859 2281 2011 2312; x_wconf 75' lang='lat' dir='ltr'>uxores</span> <span class='ocrx_word' id='word_1_394' title='bbox 2029 2299 2040 2308; x_wconf 90' lang='lat'><strong><em>.</em></strong></span> 
     </span>
     <span class='ocr_line' id='line_1_72' title="bbox 1148 2334 1669 2402; baseline -0.004 -19"><span class='ocrx_word' id='word_1_395' title='bbox 1148 2336 1207 2383; x_wconf 84' lang='lat' dir='ltr'>Et</span> <span class='ocrx_word' id='word_1_396' title='bbox 1223 2334 1306 2383; x_wconf 86' lang='lat' dir='ltr'>lib.</span> <span class='ocrx_word' id='word_1_397' title='bbox 1338 2356 1354 2385; x_wconf 85' lang='lat'>1</span> <span class='ocrx_word' id='word_1_398' title='bbox 1373 2356 1411 2384; x_wconf 87' lang='lat'>1.</span> <span class='ocrx_word' id='word_1_399' title='bbox 1434 2337 1567 2402; x_wconf 83' lang='lat' dir='ltr'>Epig.</span> <span class='ocrx_word' id='word_1_400' title='bbox 1584 2341 1669 2382; x_wconf 80' lang='lat'><strong>6&#39;2.</strong></span> 
     </span>
    </p>

    <p class='ocr_par' dir='ltr' id='par_1_24' title="bbox 1219 2403 2123 2476">
     <span class='ocr_line' id='line_1_73' title="bbox 1219 2403 2123 2476; baseline -0.007 -20"><span class='ocrx_word' id='word_1_401' title='bbox 1219 2406 1393 2476; x_wconf 79' lang='lat' dir='ltr'><em>Lingua</em></span> <span class='ocrx_word' id='word_1_402' title='bbox 1411 2405 1613 2456; x_wconf 73' lang='lat' dir='ltr'>Maritus</span> <span class='ocrx_word' id='word_1_403' title='bbox 1627 2440 1644 2462; x_wconf 88' lang='lat'>,</span> <span class='ocrx_word' id='word_1_404' title='bbox 1680 2406 1857 2455; x_wconf 78' lang='lat' dir='ltr'><em>moechus</em></span> <span class='ocrx_word' id='word_1_405' title='bbox 1880 2425 1947 2454; x_wconf 84' lang='lat' dir='ltr'>ore</span> <span class='ocrx_word' id='word_1_406' title='bbox 1976 2403 2123 2455; x_wconf 80' lang='lat' dir='ltr'><em>Man.-</em></span> 
     </span>
    </p>

    <p class='ocr_par' dir='ltr' id='par_1_25' title="bbox 1288 2483 1405 2535">
     <span class='ocr_line' id='line_1_74' title="bbox 1288 2483 1405 2535; baseline 0.026 -11"><span class='ocrx_word' id='word_1_407' title='bbox 1288 2483 1405 2535; x_wconf 73' lang='lat' dir='ltr'>cius,</span> 
     </span>
    </p>

    <p class='ocr_par' dir='ltr' id='par_1_26' title="bbox 1149 2546 2022 2685">
     <span class='ocr_line' id='line_1_75' title="bbox 1214 2546 2022 2614; baseline -0.009 -16"><span class='ocrx_word' id='word_1_408' title='bbox 1214 2548 1248 2599; x_wconf 90' lang='lat' dir='ltr'><em>S</em></span> <span class='ocrx_word' id='word_1_409' title='bbox 1249 2553 1547 2598; x_wconf 80' lang='lat' dir='ltr'><em>ummoenianis</em></span> <span class='ocrx_word' id='word_1_410' title='bbox 1563 2551 1838 2614; x_wconf 61' lang='lat' dir='ltr'>„inquinatior</span> <span class='ocrx_word' id='word_1_411' title='bbox 1856 2546 1996 2595; x_wconf 73' lang='lat' dir='ltr'>baccis</span> <span class='ocrx_word' id='word_1_412' title='bbox 2010 2581 2022 2591; x_wconf 87' lang='lat'><em>.</em></span> 
     </span>
     <span class='ocr_line' id='line_1_76' title="bbox 1149 2616 1904 2685; baseline -0.003 -20"><span class='ocrx_word' id='word_1_413' title='bbox 1149 2618 1340 2685; x_wconf 79' lang='lat' dir='ltr'>Qibus</span> <span class='ocrx_word' id='word_1_414' title='bbox 1357 2617 1476 2667; x_wconf 88' lang='lat' dir='ltr'>adde</span> <span class='ocrx_word' id='word_1_415' title='bbox 1495 2619 1629 2685; x_wconf 85' lang='lat' dir='ltr'>Epig.</span> <span class='ocrx_word' id='word_1_416' title='bbox 1655 2632 1733 2677; x_wconf 84' lang='lat'>35.</span> <span class='ocrx_word' id='word_1_417' title='bbox 1758 2616 1838 2665; x_wconf 91' lang='lat' dir='ltr'>lib.</span> <span class='ocrx_word' id='word_1_418' title='bbox 1864 2637 1904 2665; x_wconf 89' lang='lat'>1.</span> 
     </span>
    </p>
   </div>
   <div class='ocr_carea' id='block_1_11' title="bbox 1220 2686 2128 2785">
    <p class='ocr_par' dir='ltr' id='par_1_27' title="bbox 1220 2686 2128 2785">
     <span class='ocr_line' id='line_1_77' title="bbox 1220 2686 2128 2756; baseline -0.007 -16"><span class='ocrx_word' id='word_1_419' title='bbox 1220 2690 1288 2740; x_wconf 85' lang='lat' dir='ltr'>At</span> <span class='ocrx_word' id='word_1_420' title='bbox 1305 2693 1511 2739; x_wconf 82' lang='lat' dir='ltr'>meretrix</span> <span class='ocrx_word' id='word_1_421' title='bbox 1534 2688 1674 2756; x_wconf 80' lang='lat' dir='ltr'>abigit</span> <span class='ocrx_word' id='word_1_422' title='bbox 1693 2691 1846 2739; x_wconf 56' lang='lat' dir='ltr'>testem</span> <span class='ocrx_word' id='word_1_423' title='bbox 1861 2723 1878 2745; x_wconf 89' lang='lat'>,</span> <span class='ocrx_word' id='word_1_424' title='bbox 1907 2686 2128 2753; x_wconf 59' lang='lat' dir='ltr'>veloque„</span> 
     </span>
     <span class='ocr_line' id='line_1_78' title="bbox 1634 2764 1639 2785; baseline 0 0"><span class='ocrx_word' id='word_1_425' title='bbox 1634 2764 1639 2785; x_wconf 84' lang='lat' dir='ltr'>l</span> 
     </span>
    </p>
   </div>
   <div class='ocr_carea' id='block_1_12' title="bbox 1144 2763 2131 3179">
    <p class='ocr_par' dir='ltr' id='par_1_28' title="bbox 1383 2778 1555 2810">
     <span class='ocr_line' id='line_1_79' title="bbox 1383 2778 1555 2810; baseline -0.012 0"><span class='ocrx_word' id='word_1_426' title='bbox 1383 2778 1452 2810; x_wconf 88' lang='lat' dir='ltr'>era</span> <span class='ocrx_word' id='word_1_427' title='bbox 1481 2781 1555 2809; x_wconf 81' lang='lat' dir='ltr'>ue:</span> 
     </span>
    </p>

    <p class='ocr_par' dir='ltr' id='par_1_29' title="bbox 1289 2763 2126 2899">
     <span class='ocr_line' id='line_1_80' title="bbox 1289 2763 2126 2899; baseline -0.007 -15"><span class='ocrx_word' id='word_1_428' title='bbox 1289 2763 1756 2899; x_wconf 39' lang='lat' dir='ltr'>Raffaque‘Summoen&#39;ii</span> <span class='ocrx_word' id='word_1_429' title='bbox 1768 2826 1946 2897; x_wconf 85' lang='lat' dir='ltr'>fornice</span> <span class='ocrx_word' id='word_1_430' title='bbox 1970 2831 2126 2878; x_wconf 57' lang='lat' dir='ltr'><em>mma-2</em></span> 
     </span>
    </p>

    <p class='ocr_par' dir='ltr' id='par_1_30' title="bbox 1350 2918 2131 2970">
     <span class='ocr_line' id='line_1_81' title="bbox 1350 2918 2131 2970; baseline -0.01 -18"><span class='ocrx_word' id='word_1_431' title='bbox 1350 2918 1474 2970; x_wconf 84' lang='lat' dir='ltr'>patet</span> <span class='ocrx_word' id='word_1_432' title='bbox 1487 2938 1497 2947; x_wconf 92' lang='lat'><em>.</em></span> <span class='ocrx_word' id='word_1_433' title='bbox 2124 2933 2131 2939; x_wconf 86' lang='lat'><em>-</em></span> 
     </span>
    </p>

    <p class='ocr_par' dir='ltr' id='par_1_31' title="bbox 1215 2966 2124 3041">
     <span class='ocr_line' id='line_1_82' title="bbox 1215 2966 2124 3041; baseline -0.004 -23"><span class='ocrx_word' id='word_1_434' title='bbox 1215 2973 1285 3018; x_wconf 82' lang='lat' dir='ltr'>Ex</span> <span class='ocrx_word' id='word_1_435' title='bbox 1308 2972 1376 3022; x_wconf 86' lang='lat' dir='ltr'>his</span> <span class='ocrx_word' id='word_1_436' title='bbox 1396 2974 1542 3041; x_wconf 81' lang='lat' dir='ltr'>igitur</span> <span class='ocrx_word' id='word_1_437' title='bbox 1559 2972 1693 3040; x_wconf 80' lang='lat' dir='ltr'>argui</span> <span class='ocrx_word' id='word_1_438' title='bbox 1711 2967 1888 3038; x_wconf 83' lang='lat' dir='ltr'>potest,</span> <span class='ocrx_word' id='word_1_439' title='bbox 1909 2966 2037 3035; x_wconf 63' lang='lat' dir='ltr'>quud</span> <span class='ocrx_word' id='word_1_440' title='bbox 2055 2968 2124 3015; x_wconf 88' lang='lat' dir='ltr'>lu-</span> 
     </span>
    </p>

    <p class='ocr_par' dir='ltr' id='par_1_32' title="bbox 1144 3039 2121 3179">
     <span class='ocr_line' id='line_1_83' title="bbox 1144 3039 2121 3110; baseline -0.005 -21"><span class='ocrx_word' id='word_1_441' title='bbox 1144 3044 1334 3108; x_wconf 82' lang='lat' dir='ltr'>panaria</span> <span class='ocrx_word' id='word_1_442' title='bbox 1352 3046 1378 3092; x_wconf 68' lang='lat' dir='ltr'>a</span> <span class='ocrx_word' id='word_1_443' title='bbox 1400 3044 1595 3110; x_wconf 85' lang='lat' dir='ltr'>Ligorio</span> <span class='ocrx_word' id='word_1_444' title='bbox 1614 3043 1816 3109; x_wconf 80' lang='lat' dir='ltr'>allegata</span> <span class='ocrx_word' id='word_1_445' title='bbox 1832 3039 1890 3087; x_wconf 90' lang='lat' dir='ltr'>ad</span> <span class='ocrx_word' id='word_1_446' title='bbox 1905 3040 2024 3085; x_wconf 84' lang='lat' dir='ltr'>hanc</span> <span class='ocrx_word' id='word_1_447' title='bbox 2037 3039 2121 3087; x_wconf 78' lang='lat' dir='ltr'>Su.-</span> 
     </span>
     <span class='ocr_line' id='line_1_84' title="bbox 1144 3110 1706 3179; baseline -0.004 -20"><span class='ocrx_word' id='word_1_448' title='bbox 1144 3111 1310 3160; x_wconf 88' lang='lat' dir='ltr'>buram</span> <span class='ocrx_word' id='word_1_449' title='bbox 1331 3110 1494 3163; x_wconf 85' lang='lat' dir='ltr'>referri</span> <span class='ocrx_word' id='word_1_450' title='bbox 1510 3126 1706 3179; x_wconf 87' lang='lat' dir='ltr'>queant.</span> 
     </span>
    </p>
   </div>
   <div class='ocr_carea' id='block_1_13' title="bbox 1212 3176 2119 3250">
    <p class='ocr_par' dir='ltr' id='par_1_33' title="bbox 1212 3176 2119 3250">
     <span class='ocr_line' id='line_1_85' title="bbox 1212 3176 2119 3250; baseline -0.004 -20"><span class='ocrx_word' id='word_1_451' title='bbox 1212 3185 1258 3230; x_wconf 87' lang='lat' dir='ltr'>Si</span> <span class='ocrx_word' id='word_1_452' title='bbox 1276 3184 1390 3234; x_wconf 66' lang='lat' dir='ltr'>ver&amp;</span> <span class='ocrx_word' id='word_1_453' title='bbox 1420 3187 1672 3250; x_wconf 86' lang='lat' dir='ltr'>loquamur</span> <span class='ocrx_word' id='word_1_454' title='bbox 1703 3178 1760 3226; x_wconf 85' lang='lat' dir='ltr'>de</span> <span class='ocrx_word' id='word_1_455' title='bbox 1789 3179 1923 3227; x_wconf 56' lang='lat' dir='ltr'>:iusta</span> <span class='ocrx_word' id='word_1_456' title='bbox 1947 3176 2119 3236; x_wconf 84' lang='lat' dir='ltr'>Urbe,</span> 
     </span>
    </p>
   </div>
   <div class='ocr_carea' id='block_1_14' title="bbox 114 3245 2120 3389">
    <p class='ocr_par' dir='ltr' id='par_1_34' title="bbox 114 3245 2120 3389">
     <span class='ocr_line' id='line_1_86' title="bbox 115 3245 2120 3314; baseline 0.001 -21"><span class='ocrx_word' id='word_1_457' title='bbox 115 3246 310 3314; x_wconf 78' lang='lat' dir='ltr'>regione</span> <span class='ocrx_word' id='word_1_458' title='bbox 362 3246 560 3297; x_wconf 84' lang='lat' dir='ltr'>secunda</span> <span class='ocrx_word' id='word_1_459' title='bbox 614 3253 970 3304; x_wconf 83' lang='lat' dir='ltr'>Coelimontana</span> <span class='ocrx_word' id='word_1_460' title='bbox 1013 3255 1085 3302; x_wconf 90' lang='lat' dir='ltr'>lu·</span> <span class='ocrx_word' id='word_1_461' title='bbox 1140 3252 1330 3302; x_wconf 75' lang='lat' dir='ltr'>Suburae</span> <span class='ocrx_word' id='word_1_462' title='bbox 1350 3256 1526 3302; x_wconf 87' lang='lat' dir='ltr'>limites</span> <span class='ocrx_word' id='word_1_463' title='bbox 1540 3251 1766 3299; x_wconf 82' lang='lat' dir='ltr'>videntur</span> <span class='ocrx_word' id='word_1_464' title='bbox 1781 3245 1959 3297; x_wconf 75' lang='lat' dir='ltr'>extensi</span> <span class='ocrx_word' id='word_1_465' title='bbox 1975 3246 2120 3314; x_wconf 89' lang='lat' dir='ltr'>usque</span> 
     </span>
     <span class='ocr_line' id='line_1_87' title="bbox 114 3317 2117 3389; baseline -0.002 -21"><span class='ocrx_word' id='word_1_466' title='bbox 114 3317 305 3386; x_wconf 73' lang='lat' dir='ltr'>panaria</span> <span class='ocrx_word' id='word_1_467' title='bbox 325 3321 460 3386; x_wconf 85' lang='lat' dir='ltr'>ponit</span> <span class='ocrx_word' id='word_1_468' title='bbox 474 3319 610 3371; x_wconf 85' lang='lat' dir='ltr'>nullo</span> <span class='ocrx_word' id='word_1_469' title='bbox 635 3322 731 3371; x_wconf 85' lang='lat' dir='ltr'>alio.</span> <span class='ocrx_word' id='word_1_470' title='bbox 747 3325 956 3389; x_wconf 60' lang='lat' dir='ltr'>adjcho„</span> <span class='ocrx_word' id='word_1_471' title='bbox 975 3324 1088 3374; x_wconf 87' lang='lat' dir='ltr'>Pan·-</span> <span class='ocrx_word' id='word_1_472' title='bbox 1140 3321 1199 3370; x_wconf 83' lang='lat' dir='ltr'>ad</span> <span class='ocrx_word' id='word_1_473' title='bbox 1229 3320 1388 3372; x_wconf 87' lang='lat' dir='ltr'>forum</span> <span class='ocrx_word' id='word_1_474' title='bbox 1423 3320 1679 3374; x_wconf 80' lang='lat' dir='ltr'>Piscarium</span> <span class='ocrx_word' id='word_1_475' title='bbox 1703 3354 1719 3376; x_wconf 91' lang='lat'>,</span> <span class='ocrx_word' id='word_1_476' title='bbox 1755 3320 1804 3368; x_wconf 70' lang='grc' dir='ltr'>ἃ</span> <span class='ocrx_word' id='word_1_477' title='bbox 1834 3317 1978 3367; x_wconf 74' lang='lat' dir='ltr'>finem</span> <span class='ocrx_word' id='word_1_478' title='bbox 2002 3318 2117 3367; x_wconf 88' lang='lat' dir='ltr'>Vici</span> 
     </span>
    </p>
   </div>
   <div class='ocr_carea' id='block_1_15' title="bbox 2011 3388 2116 3435">
    <p class='ocr_par' dir='ltr' id='par_1_35' title="bbox 2011 3388 2116 3435">
     <span class='ocr_line' id='line_1_88' title="bbox 2011 3388 2116 3435; baseline -0.019 0"><span class='ocrx_word' id='word_1_479' title='bbox 2011 3388 2116 3435; x_wconf 87' lang='lat' dir='ltr'>Tu-</span> 
     </span>
    </p>
   </div>
  </div>
 </body>
</html>
