2425 3747
342 270 365 298 2
409 261 442 298 6

340 271 517 369 TLinias
536 320 712 386 Magiri
739 321 784 365 in
802 318 1197 385 Eponymologio
1225 319 1315 362 cri-

339 393 437 439 tico
464 427 480 449 ,
517 409 567 437 ac
600 385 898 436 Hosmannus
926 389 973 433 in
997 385 1079 434 suo
1112 387 1316 442 Lexico,

338 463 423 527 qui
459 456 760 509 diversorum
787 457 1057 505 Arffitorum
1092 451 1314 522 suffragio

340 533 585 578 nominant
606 529 923 575 Ammianum
939 563 954 584 ,
983 529 1311 594 Scriptorems

336 599 553 648 veritatis
570 594 828 646 studiosum
843 634 859 656 ,
883 596 1166 664 prudentem
1181 632 1195 653 ,
1212 614 1313 662 grae

338 687 450 717 vem
478 703 494 725 ,
531 685 581 714 ac
617 665 788 716 serium
811 703 827 725 ,
863 685 1043 715 necnon
1077 668 1311 733 dignum,

336 741 416 805 qui
437 737 493 785 ab
513 736 731 785 omnibus
753 751 941 786 ametur
957 773 972 793 ,
1002 739 1050 786 &
1076 732 1312 786 floruisse.

337 807 420 856 sub
451 808 682 860 Gratiano
702 843 718 866 ,
756 809 805 858 ὃς
836 809 1175 859 Valentiniano
1202 802 1309 854 affe-

337 890 474 927 runt.

405 950 715 998 Contrarium
733 947 790 999 de
810 950 1095 999 Marcellino
1114 947 1312 1015 Presby-

336 1030 439 1067 tero
474 1019 615 1069 sentit
649 1021 816 1068 Baron.
848 1021 896 1066 in
926 1034 1055 1084 to.4.
1092 1019 1149 1067 ad
1179 1027 1307 1067 Ann.

335 1097 451 1147 367.
468 1101 610 1137 vocat
625 1090 751 1137 enim
769 1091 1011 1138 hominem
1026 1093 1147 1137 hunc
1164 1088 1310 1137 Schis-

332 1157 1135 1218 maticum,mendacem,infensum,
1151 1161 1309 1207 inimi-

333 1247 535 1296 cumque
558 1232 600 1277 S,
622 1229 838 1288 Damasi,
855 1231 1218 1280 Catholicorum
1237 1249 1307 1278 cae

333 1300 696 1357 lumniatorem,
708 1319 888 1349 necnon
904 1300 1208 1349 Luciferianae
1225 1302 1309 1348 han-

332 1367 440 1418 refis
457 1370 749 1421 &statorem
767 1407 778 1416 .
818 1373 1007 1419 Baronii
1040 1369 1309 1418 sententia„

332 1457 392 1488 ex
421 1440 624 1488 lec‘lione
660 1437 944 1508 praefationis
980 1438 1220 1508 ipsiusmet
1254 1443 1308 1488 li-

333 1507 448 1557 belli
467 1507 775 1557 confirmatur
792 1532 806 1571 3
833 1507 865 1558 fi
885 1512 1011 1558 enim
1030 1511 1215 1577 legatur
1235 1526 1305 1557 at*

332 1581 497 1641 tente,
531 1578 792 1638 constabit,
822 1597 913 1628 non
941 1578 1028 1629 effe
1053 1580 1110 1627 ab
1142 1577 1308 1628 iisdem

333 1648 551 1701 Faustino
563 1685 579 1707 ,
596 1652 645 1703 ὅ(
662 1650 949 1698 Marcellino
964 1648 1280 1716 conscriptam
1292 1686 1308 1707 ,

330 1717 413 1767 sed
438 1717 497 1765 ab.
515 1721 617 1767 aliis
650 1737 709 1768 ex
735 1718 902 1768 eadem
929 1717 1131 1768 fastione
1165 1720 1306 1767 Luci-v

330 1785 508 1837 seriana
542 1825 558 1846 ,
605 1808 656 1837 ac
692 1789 1052 1839 mendaciorum
1091 1790 1275 1856 plenam
1294 1827 1304 1837 .

332 1861 596 1907 Communi
627 1878 739 1927 ergo
773 1857 993 1928 suffragio
1022 1857 1305 1929 praeferenda

330 1928 396 1979 est
417 1932 664 1977 Ammiani
681 1930 939 1988 sententia,
953 1929 1061 1979 cum
1084 1932 1130 1976 in
1151 1928 1303 1997 ipsum

329 1997 627 2047 consentiant
661 1999 907 2057 Ruffinus,
941 2004 1186 2057 Socrates,
1219 2003 1302 2049 So*

329 2087 590 2127 zomenus,
618 2071 917 2138 Nicephorus
933 2107 949 2127 ,
981 2073 1030 2122 ὃς
1050 2071 1128 2118 alii
1148 2067 1298 2137 poste-2

329 2141 477 2188 :riores
496 2143 755 2207 Scriptores
775 2178 785 2188 .

398 2212 515 2258 Haec
535 2212 631 2258 levi
652 2212 835 2260 calamo
854 2211 1125 2280 prosequuti
1147 2209 1304 2259 sumus

332 2282 380 2327 in
407 2281 612 2348 gratiam
641 2299 839 2340 eorum,
877 2284 958 2349 qui
979 2283 1197 2330 locorum
1215 2300 1300 2330 nO-

329 2351 444 2398 titiae
465 2356 747 2420 conjungere
767 2352 978 2401 historias
1002 2365 1160 2399 amant
1177 2387 1187 2397 .
1219 2355 1300 2399 ln-

329 2423 446 2468 citat
463 2419 610 2469 modo
634 2441 715 2470 nos
733 2422 792 2470 ad
811 2436 976 2472 caetera
998 2420 1303 2491 perstringen-

330 2491 387 2538 da
401 2527 416 2548 ,
440 2491 627 2540 diversa
646 2490 857 2556 eJ‘usdem
878 2492 1089 2542 Ecclesiae
1112 2510 1302 2541 nomen*

329 2562 544 2620 elatura,
576 2581 717 2630 quam
743 2562 800 2610 ab
831 2565 970 2612 initio
1002 2559 1305 2630 exposuimus

329 2632 378 2676 in
402 2629 499 2698 ipso
518 2635 681 2702 capitis
697 2635 845 2682 titulo.
863 2671 873 2680 .
914 2631 1304 2681 Bibliothecarius

328 2702 488 2767 itaque
516 2704 563 2749 in
584 2705 699 2754 Vita
717 2705 943 2772 Gregorii
968 2707 1032 2752 ΙΙ.
1060 2701 1303 2750 Basilicam

328 2770 463 2820 istam
490 2776 695 2840 appellat
712 2773 1040 2825 ‘Monafferiam
1057 2774 1105 2822 S.
1126 2774 1305 2823 Andreae

326 2845 376 2891 in
396 2842 613 2893 Barbara:
643 2846 692 2894 ὃ(
711 2846 757 2890 in
774 2848 890 2894 Vita
914 2846 1083 2893 Leonis
1105 2847 1197 2892 III.
1223 2846 1306 2894 Ca-

326 2929 395 2962 ta-
402 2912 596 2964 Barbara
613 2915 829 2964 Patricia:
857 2914 1052 2963 eandem
1075 2917 1121 2960 in
1139 2914 1304 2965 Barba-

325 2988 390 3033 ris
407 2998 549 3031 Vocat
570 2986 822 3033 Ciaconius
848 2987 892 3031 in
914 2983 1089 3051 praefati
1109 2985 1302 3052 Simpli-

327 3054 389 3100 cii
406 3056 522 3102 Vita
539 3091 554 3112 ,
578 3052 634 3102 e&
656 3052 783 3120 quod
802 3056 847 3099 in
872 3059 966 3114 ejus
987 3056 1133 3101 muris
1162 3056 1303 3102 variae

324 3120 536 3171 ferarum
555 3126 779 3191 imagines
808 3126 833 3172 a
861 3125 1014 3170 Diana
1036 3127 1274 3172 venati-icc
1290 3160 1305 3180 ‚

325 3195 377 3242 &
400 3193 455 3241 ab
472 3196 876 3261 Hippocentauris
899 3189 1218 3242 confecftarum
1231 3195 1303 3240 vi-

328 3261 576 3322 sebantur,
594 3281 735 3332 opere
754 3265 927 3331 partim
950 3261 1156 3311 tesselato
1171 3298 1186 3319 ,
1204 3280 1304 3330 par-

746 246 1176 302 VETERA
1251 245 1951 305 MONIMENTA

1371 318 1459 364 tim
1492 318 1840 374 vermiculato,
1871 334 1923 367 ut
1953 317 2088 386 supra
2121 320 2337 387 exposui·-

1371 404 1473 433 mus
1494 388 1541 432 in
1559 389 1677 453 Cap.
1702 390 1821 436 VII.
2186 392 2190 395 Α

1437 457 1737 505 Martinellus
1755 458 1869 504 ver&
1903 459 1950 506 in
1978 457 2056 506 sua
2085 462 2240 509 Roma
2258 464 2336 509 Sa-

1368 544 1445 575 cra
1479 527 1686 593 appellat
1713 529 1761 573 in
1785 526 2023 596 Effluibis,
2050 531 2100 579 &
2126 533 2173 578 in
2196 533 2337 582 Auri-

1355 599 1477 667 sario
1492 633 1508 654 ,
1535 596 1777 644 Grimaldi
1809 598 2140 649 au&0ritatem
2165 599 2335 667 sequu-

1365 682 1438 714 tus
1458 703 1468 713 .
1507 665 1710 715 Causam
1736 680 1924 727 autem,
1954 686 2038 716 cur
2067 671 2113 717 in
2138 672 2336 722 Barbara

1366 738 1640 794 vocitetur,
1680 741 1876 804 exponit
1897 742 2156 788 Severanus
2184 745 2230 790 in
2251 743 2334 791 suo

1365 807 1499 856 tra&
1526 807 1584 855 de
1606 806 1783 876 septem
1803 806 1953 861 Urbis
1974 808 2185 858 Ecclesiis
2205 848 2222 869 ,
2251 811 2334 860 ubi

1364 876 1425 926 fic
1443 877 1620 926 distam
1636 875 1788 928 asserit
1803 881 1827 928 ὲ
1845 877 1993 926 nobili
2008 879 2210 945 quadam
2223 880 2336 943 ejus:

1365 949 1477 997 dem
1501 950 1704 996 nominis
1728 947 1951 998 Matrona
1970 984 1986 1005 ,
2021 966 2120 1014 quae
2150 961 2334 1018 tempo-

1364 1038 1412 1068 re
1437 1016 1612 1067 Gelafii
1633 1022 1671 1068 Ι.
1707 1021 1891 1086 Corpus
1912 1022 1954 1067 S.
1976 1020 2190 1068 Severini
2213 1022 2335 1069 Nea-

1364 1092 1514 1158 polim
1535 1084 1772 1138 transferri
1798 1090 2009 1147 curavit,
2033 1102 2085 1136 ut
2105 1089 2230 1156 apud
2249 1094 2335 1140 Ba-

1364 1162 1553 1209 ronium
1580 1160 1638 1209 ad
1661 1180 1763 1209 ann.
1779 1179 1809 1226 4
1812 1172 1898 1221 96.
2140 1157 2147 1162 χ

1420 1230 1552 1297 Qid
1567 1245 1727 1282 autem
1743 1251 1837 1281 vox
1853 1231 2181 1283 Cata-Barbara
2192 1233 2337 1283 Patri-

1360 1305 1425 1349 τίει
1450 1299 1662 1352 ostendat
1685 1336 1701 1358 ,
1739 1304 1928 1349 varium
1958 1301 2021 1350 est
2045 1324 2056 1351 :
2095 1300 2204 1350 cum
2233 1300 2337 1351 κατυέ
2360 1301 2361 1305 ’

1361 1389 1506 1438 graeca
1525 1388 1620 1420 vox
1652 1368 1709 1417 fit
1737 1369 1943 1422 diversas
1971 1371 2143 1422 habens
2160 1370 2336 1439 fignifi-

1364 1442 1603 1497 cationeS,
1641 1437 1804 1506 easque
1842 1438 1916 1487 hic
1956 1438 2131 1491 referre
2173 1441 2334 1509 super-

1361 1527 1621 1558 vacaneum
1652 1507 1707 1557 fit
1726 1545 1742 1567 ,
1775 1509 2077 1559 solummodo
2099 1512 2232 1559 illam
2266 1514 2331 1558 in-

1362 1577 1557 1636 dicabo,
1587 1597 1686 1645 quae
1715 1579 1773 1627 ad
1801 1580 2101 1646 quaestionem
2127 1578 2333 1629 nostram

1361 1652 1599 1718 pertinere
1639 1648 1788 1716 potest
1817 1671 1833 1710 3
1869 1653 2038 1718 nempe
2074 1652 2337 1700 denotare:

1360 1720 1500 1786 apud.
1539 1722 1647 1770 Cata
1673 1720 1954 1767 Matthaettm
1985 1739 2069 1788 pro
2098 1721 2338 1788 ficundtim

1358 1794 1450 1840 ἃς.
1467 1791 1536 1835 Ex
1553 1808 1645 1855 quo
1663 1786 1821 1837 inferri
1841 1790 2018 1856 potest,
2045 1793 2164 1839 olim
2182 1808 2333 1859 prope

1361 1857 1606 1908 Basilicam
1633 1861 1944 1908 Siccinianam
1971 1857 2104 1910 fuisse
2131 1860 2332 1908 domum

1361 1930 1571 1979 Barbarae
1594 1929 1838 1994 cujusdam
1853 1933 2085 1980 Matronae
2102 1966 2119 1988 ,
2146 1932 2333 1978 Patritii

1356 2000 1589 2068 sanguinis
1612 1998 1856 2068 splendore
1885 1999 2176 2069 conspicuae3
2206 2001 2334 2050 unde

1356 2071 1552 2123 Barbara
1570 2072 1764 2121 Patricia
1780 2067 1923 2120 fuerit
1945 2073 2181 2139 appellata
2198 2106 2209 2117 .
2234 2074 2332 2119 At·-

1357 2160 1447 2209 que
1465 2142 1571 2188 hinc
1584 2176 1599 2198 ,
1621 2143 1912 2192 Siccinianam
1930 2143 2160 2210 Bastlicam
2179 2139 2330 2207 prisco

1358 2212 1525 2261 relisto
1552 2214 1743 2261 nomine
1762 2248 1778 2269 ‚
1817 2229 1997 2260 novum
2016 2213 2062 2262 S.
2085 2212 2268 2262 Andreae
2281 2215 2332 2259 in

1356 2282 1551 2335 Barbara
1574 2317 1590 2338 ,
1631 2284 1707 2331 vel
1730 2285 1769 2335 C
1772 2299 1869 2331 ata—
1879 2282 2074 2334 Barbara
2100 2284 2298 2332 Patritia
2313 2317 2333 2340 ,

1355 2352 1471 2401 iciest
1499 2358 1631 2416 juxta
1662 2356 1874 2401 Domum
1907 2352 2117 2400 Barbarae
2146 2388 2161 2408 ,
2200 2350 2328 2401 sive2

1355 2423 1553 2475 Barbarae
1572 2423 1769 2473 Patriciae
1794 2421 2018 2490 adeptum
2040 2419 2171 2470 fuisse
2187 2457 2197 2467 .
2230 2423 2334 2470 Has

1359 2495 1611 2542 nominum
1639 2494 1921 2540 mutationes
1955 2491 2118 2541 nostris
2145 2492 2330 2539 etiam-2

1359 2561 1652 2631 temporibus
1680 2565 1952 2630 experimur
1974 2597 1984 2609 .
2016 2564 2092 2611 Sic
2121 2563 2331 2609 Plateam.

1359 2632 1580 2682 Sfortiam
1611 2635 1657 2679 in
1677 2633 1978 2682 Barberinam
1998 2669 2015 2692 ,
2043 2634 2092 2682 δε
2123 2632 2332 2679 Plateam

1359 2709 1585 2752 Senarum
1620 2705 1666 2749 in
1689 2706 1731 2750 S.
1757 2703 1959 2751 Andreae
1982 2703 2039 2751 de
2058 2702 2197 2752 Valle
2223 2718 2329 2748 mu-

1358 2789 1474 2822 tatas
1497 2773 1715 2821 audimus
1740 2810 1750 2820 .
1791 2776 1828 2821 E
1862 2771 2030 2840 quibus
2052 2773 2196 2819 etiam
2227 2787 2330 2837 per-

1357 2844 1572 2912 spicuum
1599 2842 1691 2901 est,
1727 2845 1826 2892 vias
1844 2879 1860 2900 ,
1892 2855 1973 2890 aut
1999 2842 2173 2907 plateas
2196 2835 2330 2887 fiiiffe

1356 2915 1418 2962 ab
1430 2913 1766 2963 illustrioribus
1780 2910 2011 2962 Domibus
2030 2924 2224 2979 propter
2239 2927 2332 2965 eas,

1357 2985 1502 3033 autin
1526 2985 1589 3030 eis
1611 2983 1904 3039 extantibus,
1925 2983 2094 3046 quovis
2113 2995 2326 3048 tempore

1358 3055 1683 3102 denominatas
1702 3090 1712 3098 .

1441 3125 1587 3172 Sicuti
1622 3123 1828 3170 nominis
1860 3120 2041 3191 lapsum
2071 3115 2230 3186 saepius
2263 3134 2328 3165 re-

1356 3195 1542 3261 paravit
1559 3194 1748 3258 antiqua
1770 3192 1863 3240 haec
1884 3188 2075 3240 Basilica
2093 3210 2106 3249 ;
2131 3191 2196 3236 ita
2215 3205 2331 3253 quo-

1354 3282 1445 3329 que
1480 3275 1534 3309 ut
1563 3279 1646 3328 per
1678 3281 1758 3310 nos
1796 3259 1898 3310 tum
1928 3261 2151 3316 nomina,
2183 3256 2328 3309 tum-2

2192 3345 2330 3376 orna-
