<?xml version="1.0" encoding="UTF-8"?>
<!DOCTYPE html PUBLIC "-//W3C//DTD XHTML 1.0 Transitional//EN"
    "http://www.w3.org/TR/xhtml1/DTD/xhtml1-transitional.dtd">
<html xmlns="http://www.w3.org/1999/xhtml" xml:lang="en" lang="en">
 <head>
  <title>
</title>
<meta http-equiv="Content-Type" content="text/html;charset=utf-8" />
  <meta name='ocr-system' content='tesseract 3.04.00' />
  <meta name='ocr-capabilities' content='ocr_page ocr_carea ocr_par ocr_line ocrx_word'/>
</head>
<body>
  <div class='ocr_page' id='page_1' title='image "./joannisciampinir01ciam_0290.png"; bbox 0 0 2425 3747; ppageno 0'>
   <div class='ocr_carea' id='block_1_1' title="bbox 259 216 1244 894">
    <p class='ocr_par' dir='ltr' id='par_1_1' title="bbox 259 216 1244 894">
     <span class='ocr_line' id='line_1_1' title="bbox 288 216 386 257; baseline 0.041 -4"><span class='ocrx_word' id='word_1_1' title='bbox 288 216 386 257; x_wconf 79' lang='lat'>166</span> 
     </span>
     <span class='ocr_line' id='line_1_2' title="bbox 273 278 1244 344; baseline -0.002 -18"><span class='ocrx_word' id='word_1_2' title='bbox 273 278 407 328; x_wconf 75' lang='lat' dir='ltr'>‘vobis</span> <span class='ocrx_word' id='word_1_3' title='bbox 439 279 624 335; x_wconf 67' lang='lat' dir='ltr'>Scribas,</span> <span class='ocrx_word' id='word_1_4' title='bbox 663 283 717 328; x_wconf 68' lang='lat' dir='ltr'>(J</span> <span class='ocrx_word' id='word_1_5' title='bbox 748 279 957 344; x_wconf 56' lang='lat' dir='ltr'>Pharisaei</span> <span class='ocrx_word' id='word_1_6' title='bbox 987 278 1244 341; x_wconf 78' lang='lat' dir='ltr'>hypocrltae,</span> 
     </span>
     <span class='ocr_line' id='line_1_3' title="bbox 273 348 1244 419; baseline -0.001 -23"><span class='ocrx_word' id='word_1_7' title='bbox 273 354 347 415; x_wconf 84' lang='lat' dir='ltr'>qui</span> <span class='ocrx_word' id='word_1_8' title='bbox 364 350 819 419; x_wconf 73' lang='lat' dir='ltr'>aediffi·atisstpulchra</span> <span class='ocrx_word' id='word_1_9' title='bbox 835 348 1141 410; x_wconf 71' lang='lat' dir='ltr'><em>Prophetarum</em></span> <span class='ocrx_word' id='word_1_10' title='bbox 1157 381 1173 403; x_wconf 86' lang='lat'>‚</span> <span class='ocrx_word' id='word_1_11' title='bbox 1190 350 1244 395; x_wconf 62' lang='lat' dir='ltr'>(J</span> 
     </span>
     <span class='ocr_line' id='line_1_4' title="bbox 273 419 1242 483; baseline -0.001 -17"><span class='ocrx_word' id='word_1_12' title='bbox 273 425 437 469; x_wconf 81' lang='lat' dir='ltr'>ornatis</span> <span class='ocrx_word' id='word_1_13' title='bbox 469 423 727 469; x_wconf 76' lang='lat' dir='ltr'>monimenta</span> <span class='ocrx_word' id='word_1_14' title='bbox 752 419 992 483; x_wconf 64' lang='lat' dir='ltr'>“Jus‘lorum</span> <span class='ocrx_word' id='word_1_15' title='bbox 1009 451 1024 472; x_wconf 95' lang='lat'>,</span> <span class='ocrx_word' id='word_1_16' title='bbox 1055 420 1110 466; x_wconf 62' lang='grc' dir='ltr'>ὼ·</span> <span class='ocrx_word' id='word_1_17' title='bbox 1132 419 1242 466; x_wconf 83' lang='lat' dir='ltr'>dici-</span> 
     </span>
     <span class='ocr_line' id='line_1_5' title="bbox 273 486 1244 558; baseline -0.002 -22"><span class='ocrx_word' id='word_1_18' title='bbox 273 493 333 538; x_wconf 84' lang='lat' dir='ltr'>tis</span> <span class='ocrx_word' id='word_1_19' title='bbox 348 526 364 548; x_wconf 89' lang='lat'><strong>,</strong></span> <span class='ocrx_word' id='word_1_20' title='bbox 385 488 676 558; x_wconf 70' lang='lat' dir='ltr'>st&#39;fitffmus</span> <span class='ocrx_word' id='word_1_21' title='bbox 703 491 751 534; x_wconf 83' lang='lat' dir='ltr'>in</span> <span class='ocrx_word' id='word_1_22' title='bbox 782 486 932 535; x_wconf 80' lang='lat' dir='ltr'>diebus</span> <span class='ocrx_word' id='word_1_23' title='bbox 961 488 1141 536; x_wconf 62' lang='lat' dir='ltr'>Panum</span> <span class='ocrx_word' id='word_1_24' title='bbox 1174 505 1244 534; x_wconf 88' lang='lat' dir='ltr'>no-</span> 
     </span>
     <span class='ocr_line' id='line_1_6' title="bbox 272 554 1243 626; baseline -0.002 -16"><span class='ocrx_word' id='word_1_25' title='bbox 272 562 459 610; x_wconf 59' lang='lat' dir='ltr'>strorum</span> <span class='ocrx_word' id='word_1_26' title='bbox 473 594 488 615; x_wconf 92' lang='lat'>,</span> <span class='ocrx_word' id='word_1_27' title='bbox 521 576 600 606; x_wconf 89' lang='lat' dir='ltr'>non</span> <span class='ocrx_word' id='word_1_28' title='bbox 608 554 837 625; x_wconf 62' lang='lat' dir='ltr'>sutſjbmtts</span> <span class='ocrx_word' id='word_1_29' title='bbox 858 559 972 626; x_wconf 65' lang='lat' dir='ltr'>ficii</span> <span class='ocrx_word' id='word_1_30' title='bbox 1000 577 1136 606; x_wconf 82' lang='lat' dir='ltr'>eorum</span> <span class='ocrx_word' id='word_1_31' title='bbox 1155 562 1243 608; x_wconf 55' lang='lat' dir='ltr'>ist-2</span> 
     </span>
     <span class='ocr_line' id='line_1_7' title="bbox 259 624 1244 700; baseline -0.002 -23"><span class='ocrx_word' id='word_1_32' title='bbox 259 633 473 700; x_wconf 78' lang='lat' dir='ltr'>stmguine</span> <span class='ocrx_word' id='word_1_33' title='bbox 492 629 822 691; x_wconf 74' lang='lat' dir='ltr'><em>Prophetarum,</em></span> <span class='ocrx_word' id='word_1_34' title='bbox 851 628 896 673; x_wconf 91' lang='lat' dir='ltr'>in</span> <span class='ocrx_word' id='word_1_35' title='bbox 920 624 1039 694; x_wconf 87' lang='lat' dir='ltr'>ipsos</span> <span class='ocrx_word' id='word_1_36' title='bbox 1063 627 1244 676; x_wconf 80' lang='lat' dir='ltr'>Scribas</span> 
     </span>
     <span class='ocr_line' id='line_1_8' title="bbox 271 693 1244 766; baseline 0 -20"><span class='ocrx_word' id='word_1_37' title='bbox 271 717 352 766; x_wconf 83' lang='lat' dir='ltr'>qui</span> <span class='ocrx_word' id='word_1_38' title='bbox 385 710 436 743; x_wconf 90' lang='lat' dir='ltr'>ut</span> <span class='ocrx_word' id='word_1_39' title='bbox 460 695 726 745; x_wconf 81' lang='lat' dir='ltr'>bonitatem</span> <span class='ocrx_word' id='word_1_40' title='bbox 744 693 1046 755; x_wconf 76' lang='lat' dir='ltr'>simularent,</span> <span class='ocrx_word' id='word_1_41' title='bbox 1077 717 1128 748; x_wconf 86' lang='lat' dir='ltr'>ac</span> <span class='ocrx_word' id='word_1_42' title='bbox 1145 699 1244 766; x_wconf 89' lang='lat' dir='ltr'>ple-</span> 
     </span>
     <span class='ocr_line' id='line_1_9' title="bbox 272 765 1240 835; baseline -0.002 -17"><span class='ocrx_word' id='word_1_43' title='bbox 272 769 318 818; x_wconf 93' lang='lat' dir='ltr'>bi</span> <span class='ocrx_word' id='word_1_44' title='bbox 336 770 667 834; x_wconf 80' lang='lat' dir='ltr'>imponerent,</span> <span class='ocrx_word' id='word_1_45' title='bbox 693 765 736 816; x_wconf 90' lang='lat' dir='ltr'>se</span> <span class='ocrx_word' id='word_1_46' title='bbox 762 766 973 835; x_wconf 87' lang='lat' dir='ltr'>patribus</span> <span class='ocrx_word' id='word_1_47' title='bbox 992 769 1240 816; x_wconf 90' lang='lat' dir='ltr'>homicidis</span> 
     </span>
     <span class='ocr_line' id='line_1_10' title="bbox 271 835 1240 894; baseline -0.001 -7"><span class='ocrx_word' id='word_1_48' title='bbox 271 835 517 887; x_wconf 70' lang='lat' dir='ltr'>dissimiles</span> <span class='ocrx_word' id='word_1_49' title='bbox 541 835 852 894; x_wconf 87' lang='lat' dir='ltr'>ostentantes,</span> <span class='ocrx_word' id='word_1_50' title='bbox 881 836 1144 886; x_wconf 88' lang='lat' dir='ltr'>occisorum</span> <span class='ocrx_word' id='word_1_51' title='bbox 1171 835 1240 886; x_wconf 88' lang='lat' dir='ltr'>se-</span> 
     </span>
    </p>
   </div>
   <div class='ocr_carea' id='block_1_2' title="bbox 699 204 1891 262">
    <p class='ocr_par' dir='ltr' id='par_1_2' title="bbox 699 204 1891 262">
     <span class='ocr_line' id='line_1_11' title="bbox 699 204 1891 262; baseline -0.002 0"><span class='ocrx_word' id='word_1_52' title='bbox 699 204 1124 262; x_wconf 85' lang='lat' dir='ltr'><em>VETERA</em></span> <span class='ocrx_word' id='word_1_53' title='bbox 1197 206 1891 260; x_wconf 81' lang='lat' dir='ltr'><strong><em>MONIMENTA</em></strong></span> 
     </span>
    </p>
   </div>
   <div class='ocr_carea' id='block_1_3' title="bbox 1287 276 2270 908">
    <p class='ocr_par' dir='ltr' id='par_1_3' title="bbox 1297 276 2270 486">
     <span class='ocr_line' id='line_1_12' title="bbox 1297 276 2270 349; baseline 0.006 -23"><span class='ocrx_word' id='word_1_54' title='bbox 1297 281 1397 326; x_wconf 86' lang='lat' dir='ltr'>veti</span> <span class='ocrx_word' id='word_1_55' title='bbox 1427 277 1693 345; x_wconf 72' lang='lat' dir='ltr'><strong>speluncam</strong></span> <span class='ocrx_word' id='word_1_56' title='bbox 1715 276 1801 329; x_wconf 83' lang='lat' dir='ltr'>esse</span> <span class='ocrx_word' id='word_1_57' title='bbox 1822 283 2002 347; x_wconf 81' lang='lat' dir='ltr'>Aggaeo</span> <span class='ocrx_word' id='word_1_58' title='bbox 2025 278 2270 349; x_wconf 80' lang='lat' dir='ltr'>Prophetae</span> 
     </span>
     <span class='ocr_line' id='line_1_13' title="bbox 1298 344 2269 415; baseline 0.006 -20"><span class='ocrx_word' id='word_1_59' title='bbox 1298 344 1577 395; x_wconf 79' lang='lat' dir='ltr'>attributam</span> <span class='ocrx_word' id='word_1_60' title='bbox 1591 383 1608 405; x_wconf 90' lang='lat'><strong>,</strong></span> <span class='ocrx_word' id='word_1_61' title='bbox 1637 363 1691 396; x_wconf 91' lang='lat' dir='ltr'>ut</span> <span class='ocrx_word' id='word_1_62' title='bbox 1707 351 1819 397; x_wconf 87' lang='lat' dir='ltr'>al1as</span> <span class='ocrx_word' id='word_1_63' title='bbox 1837 346 2041 415; x_wconf 83' lang='lat' dir='ltr'>aliasque</span> <span class='ocrx_word' id='word_1_64' title='bbox 2068 347 2171 399; x_wconf 89' lang='lat' dir='ltr'>finu</span> <span class='ocrx_word' id='word_1_65' title='bbox 2189 351 2269 401; x_wconf 88' lang='lat' dir='ltr'>suo</span> 
     </span>
     <span class='ocr_line' id='line_1_14' title="bbox 1297 418 1929 486; baseline 0.002 -21"><span class='ocrx_word' id='word_1_66' title='bbox 1297 419 1451 485; x_wconf 88' lang='lat' dir='ltr'>capiat</span> <span class='ocrx_word' id='word_1_67' title='bbox 1466 452 1483 474; x_wconf 91' lang='lat'>,</span> <span class='ocrx_word' id='word_1_68' title='bbox 1515 418 1565 467; x_wconf 84' lang='lat'>&amp;</span> <span class='ocrx_word' id='word_1_69' title='bbox 1588 420 1900 486; x_wconf 71' lang='lat' dir='ltr'>amplestatur</span> <span class='ocrx_word' id='word_1_70' title='bbox 1918 455 1929 466; x_wconf 91' lang='lat'><strong>.</strong></span> 
     </span>
    </p>

    <p class='ocr_par' dir='ltr' id='par_1_4' title="bbox 1287 485 2270 908">
     <span class='ocr_line' id='line_1_15' title="bbox 1364 485 2267 557; baseline 0.007 -24"><span class='ocrx_word' id='word_1_71' title='bbox 1364 489 1524 553; x_wconf 67' lang='lat' dir='ltr'>Qiem</span> <span class='ocrx_word' id='word_1_72' title='bbox 1547 485 1772 554; x_wconf 87' lang='lat' dir='ltr'>specuum</span> <span class='ocrx_word' id='word_1_73' title='bbox 1791 487 1927 538; x_wconf 88' lang='lat' dir='ltr'>usum</span> <span class='ocrx_word' id='word_1_74' title='bbox 1945 506 2030 557; x_wconf 88' lang='lat' dir='ltr'>pro</span> <span class='ocrx_word' id='word_1_75' title='bbox 2049 489 2267 539; x_wconf 87' lang='lat' dir='ltr'>funeran-</span> 
     </span>
     <span class='ocr_line' id='line_1_16' title="bbox 1297 555 2268 628; baseline 0.006 -22"><span class='ocrx_word' id='word_1_76' title='bbox 1297 558 1367 606; x_wconf 85' lang='lat' dir='ltr'>dis</span> <span class='ocrx_word' id='word_1_77' title='bbox 1400 555 1676 624; x_wconf 83' lang='lat' dir='ltr'>corporibus</span> <span class='ocrx_word' id='word_1_78' title='bbox 1721 558 1866 626; x_wconf 88' lang='lat' dir='ltr'>usque</span> <span class='ocrx_word' id='word_1_79' title='bbox 1915 559 1975 608; x_wconf 91' lang='lat' dir='ltr'>ad</span> <span class='ocrx_word' id='word_1_80' title='bbox 2012 572 2268 628; x_wconf 75' lang='lat' dir='ltr'>tempora..</span> 
     </span>
     <span class='ocr_line' id='line_1_17' title="bbox 1299 625 2268 700; baseline 0.006 -25"><span class='ocrx_word' id='word_1_81' title='bbox 1299 625 1473 678; x_wconf 85' lang='lat' dir='ltr'>Christi</span> <span class='ocrx_word' id='word_1_82' title='bbox 1496 629 1693 675; x_wconf 83' lang='lat' dir='ltr'>Domini</span> <span class='ocrx_word' id='word_1_83' title='bbox 1713 625 1907 696; x_wconf 81' lang='lat' dir='ltr'>viguiffe</span> <span class='ocrx_word' id='word_1_84' title='bbox 1924 666 1938 687; x_wconf 91' lang='lat'>,</span> <span class='ocrx_word' id='word_1_85' title='bbox 1972 646 2030 678; x_wconf 88' lang='lat' dir='ltr'>ex</span> <span class='ocrx_word' id='word_1_86' title='bbox 2050 632 2268 700; x_wconf 86' lang='lat' dir='ltr'>Evange—</span> 
     </span>
     <span class='ocr_line' id='line_1_18' title="bbox 1297 697 2267 764; baseline 0.003 -19"><span class='ocrx_word' id='word_1_87' title='bbox 1297 697 1407 746; x_wconf 84' lang='lat' dir='ltr'>listis</span> <span class='ocrx_word' id='word_1_88' title='bbox 1431 699 1778 764; x_wconf 81' lang='lat' dir='ltr'>comperimus.</span> <span class='ocrx_word' id='word_1_89' title='bbox 1819 698 2016 748; x_wconf 84' lang='lat' dir='ltr'>Constat</span> <span class='ocrx_word' id='word_1_90' title='bbox 2046 702 2175 749; x_wconf 87' lang='lat' dir='ltr'>enim</span> <span class='ocrx_word' id='word_1_91' title='bbox 2208 718 2267 750; x_wconf 86' lang='lat' dir='ltr'>ex</span> 
     </span>
     <span class='ocr_line' id='line_1_19' title="bbox 1287 769 2267 840; baseline 0.003 -24"><span class='ocrx_word' id='word_1_92' title='bbox 1287 774 1464 840; x_wconf 83' lang='lat' dir='ltr'>Joann.</span> <span class='ocrx_word' id='word_1_93' title='bbox 1495 786 1596 835; x_wconf 90' lang='lat' dir='ltr'>cap.</span> <span class='ocrx_word' id='word_1_94' title='bbox 1619 787 1635 815; x_wconf 93' lang='lat'>1</span> <span class='ocrx_word' id='word_1_95' title='bbox 1654 788 1692 816; x_wconf 93' lang='lat'>1.</span> <span class='ocrx_word' id='word_1_96' title='bbox 1716 785 1848 816; x_wconf 89' lang='lat' dir='ltr'>num.</span> <span class='ocrx_word' id='word_1_97' title='bbox 1871 773 1948 825; x_wconf 85' lang='lat'>38.</span> <span class='ocrx_word' id='word_1_98' title='bbox 1980 769 2145 818; x_wconf 79' lang='lat' dir='ltr'>Lazari</span> <span class='ocrx_word' id='word_1_99' title='bbox 2163 789 2267 820; x_wconf 87' lang='lat' dir='ltr'>mo-</span> 
     </span>
     <span class='ocr_line' id='line_1_20' title="bbox 1295 834 2270 908; baseline 0.005 -21"><span class='ocrx_word' id='word_1_100' title='bbox 1295 851 1581 888; x_wconf 83' lang='lat' dir='ltr'>numentum</span> <span class='ocrx_word' id='word_1_101' title='bbox 1606 834 1737 887; x_wconf 81' lang='lat' dir='ltr'>fuiffe</span> <span class='ocrx_word' id='word_1_102' title='bbox 1756 837 2047 906; x_wconf 81' lang='lat' dir='ltr'>speluncam,</span> <span class='ocrx_word' id='word_1_103' title='bbox 2065 838 2152 889; x_wconf 84' lang='lat' dir='ltr'>ibi:</span> <span class='ocrx_word' id='word_1_104' title='bbox 2177 843 2270 908; x_wconf 77' lang='lat' dir='ltr'>“Je-</span> 
     </span>
    </p>
   </div>
   <div class='ocr_carea' id='block_1_4' title="bbox 269 905 2272 980">
    <p class='ocr_par' dir='ltr' id='par_1_5' title="bbox 269 905 2272 980">
     <span class='ocr_line' id='line_1_21' title="bbox 269 905 2272 980; baseline 0.003 -26"><span class='ocrx_word' id='word_1_105' title='bbox 269 907 465 978; x_wconf 83' lang='lat' dir='ltr'>pulchra</span> <span class='ocrx_word' id='word_1_106' title='bbox 488 906 730 974; x_wconf 62' lang='lat' dir='ltr'>splendid&amp;</span> <span class='ocrx_word' id='word_1_107' title='bbox 748 906 977 955; x_wconf 81' lang='lat' dir='ltr'>ornabant</span> <span class='ocrx_word' id='word_1_108' title='bbox 990 942 1006 964; x_wconf 91' lang='lat'>,</span> <span class='ocrx_word' id='word_1_109' title='bbox 1031 905 1089 955; x_wconf 85' lang='lat' dir='ltr'>fic</span> <span class='ocrx_word' id='word_1_110' title='bbox 1111 910 1242 957; x_wconf 88' lang='lat' dir='ltr'>inve·</span> <span class='ocrx_word' id='word_1_111' title='bbox 1281 913 1360 980; x_wconf 61' lang='lat' dir='ltr'>fias</span> <span class='ocrx_word' id='word_1_112' title='bbox 1379 929 1472 978; x_wconf 82' lang='lat' dir='ltr'>ergo</span> <span class='ocrx_word' id='word_1_113' title='bbox 1488 910 1652 978; x_wconf 68' lang='lat' dir='ltr'>rurfitm</span> <span class='ocrx_word' id='word_1_114' title='bbox 1657 905 1854 976; x_wconf 77' lang='lat' dir='ltr'>fremens</span> <span class='ocrx_word' id='word_1_115' title='bbox 1870 913 1919 958; x_wconf 87' lang='lat' dir='ltr'>in</span> <span class='ocrx_word' id='word_1_116' title='bbox 1921 910 2149 977; x_wconf 72' lang='lat' dir='ltr'>fimetipsb</span> <span class='ocrx_word' id='word_1_117' title='bbox 2158 946 2175 968; x_wconf 94' lang='lat'>,</span> <span class='ocrx_word' id='word_1_118' title='bbox 2191 932 2272 961; x_wconf 75' lang='lat' dir='ltr'>ve-</span> 
     </span>
    </p>
   </div>
   <div class='ocr_carea' id='block_1_5' title="bbox 257 976 1246 3284">
    <p class='ocr_par' dir='ltr' id='par_1_6' title="bbox 257 976 1242 1399">
     <span class='ocr_line' id='line_1_22' title="bbox 272 976 1242 1045; baseline -0.002 -17"><span class='ocrx_word' id='word_1_119' title='bbox 272 981 429 1028; x_wconf 86' lang='lat' dir='ltr'>hitur:</span> <span class='ocrx_word' id='word_1_120' title='bbox 466 978 501 1028; x_wconf 84' lang='lat' dir='ltr'><em>S</em></span> <span class='ocrx_word' id='word_1_121' title='bbox 503 983 520 1026; x_wconf 88' lang='lat' dir='ltr'>i</span> <span class='ocrx_word' id='word_1_122' title='bbox 523 976 752 1045; x_wconf 68' lang='lat' dir='ltr'>fitffl’mus</span> <span class='ocrx_word' id='word_1_123' title='bbox 769 982 816 1026; x_wconf 83' lang='lat' dir='ltr'>in</span> <span class='ocrx_word' id='word_1_124' title='bbox 834 978 912 1026; x_wconf 85' lang='lat' dir='ltr'>illo</span> <span class='ocrx_word' id='word_1_125' title='bbox 929 993 1109 1044; x_wconf 83' lang='lat' dir='ltr'>tempore</span> <span class='ocrx_word' id='word_1_126' title='bbox 1125 1015 1139 1036; x_wconf 92' lang='lat'><strong>,</strong></span> <span class='ocrx_word' id='word_1_127' title='bbox 1160 997 1242 1026; x_wconf 85' lang='lat' dir='ltr'>non</span> 
     </span>
     <span class='ocr_line' id='line_1_23' title="bbox 257 1043 1240 1118; baseline 0.002 -22"><span class='ocrx_word' id='word_1_128' title='bbox 257 1048 502 1118; x_wconf 74' lang='lat' dir='ltr'>ficiffi’mus</span> <span class='ocrx_word' id='word_1_129' title='bbox 519 1065 589 1106; x_wconf 85' lang='lat' dir='ltr'>ea,</span> <span class='ocrx_word' id='word_1_130' title='bbox 606 1068 689 1117; x_wconf 77' lang='lat' dir='ltr'>quae</span> <span class='ocrx_word' id='word_1_131' title='bbox 696 1043 899 1114; x_wconf 76' lang='lat' dir='ltr'>ficerunt</span> <span class='ocrx_word' id='word_1_132' title='bbox 906 1064 1050 1112; x_wconf 78' lang='lat' dir='ltr'>patres</span> <span class='ocrx_word' id='word_1_133' title='bbox 1068 1050 1214 1099; x_wconf 68' lang='lat' dir='ltr'>noflri</span> <span class='ocrx_word' id='word_1_134' title='bbox 1229 1087 1240 1098; x_wconf 87' lang='lat'><strong>.</strong></span> 
     </span>
     <span class='ocr_line' id='line_1_24' title="bbox 271 1116 1239 1186; baseline 0 -17"><span class='ocrx_word' id='word_1_135' title='bbox 271 1120 365 1169; x_wconf 85' lang='lat' dir='ltr'>Hoc</span> <span class='ocrx_word' id='word_1_136' title='bbox 396 1135 534 1167; x_wconf 78' lang='lat' dir='ltr'>autem</span> <span class='ocrx_word' id='word_1_137' title='bbox 564 1116 939 1186; x_wconf 68' lang='lat' dir='ltr'>etiamstfi’rmone</span> <span class='ocrx_word' id='word_1_138' title='bbox 964 1138 1044 1167; x_wconf 79' lang='lat' dir='ltr'>non</span> <span class='ocrx_word' id='word_1_139' title='bbox 1063 1119 1239 1178; x_wconf 79' lang='lat' dir='ltr'>dicant,</span> 
     </span>
     <span class='ocr_line' id='line_1_25' title="bbox 268 1189 1240 1257; baseline 0.004 -19"><span class='ocrx_word' id='word_1_140' title='bbox 268 1205 386 1257; x_wconf 82' lang='lat' dir='ltr'>opere</span> <span class='ocrx_word' id='word_1_141' title='bbox 402 1191 628 1256; x_wconf 82' lang='lat' dir='ltr'>loquuntur</span> <span class='ocrx_word' id='word_1_142' title='bbox 642 1224 657 1246; x_wconf 90' lang='lat'><strong>,</strong></span> <span class='ocrx_word' id='word_1_143' title='bbox 683 1208 740 1237; x_wconf 87' lang='lat' dir='ltr'>ex·</span> <span class='ocrx_word' id='word_1_144' title='bbox 759 1209 802 1237; x_wconf 85' lang='lat' dir='ltr'>eo</span> <span class='ocrx_word' id='word_1_145' title='bbox 823 1190 933 1251; x_wconf 83' lang='lat' dir='ltr'>quod</span> <span class='ocrx_word' id='word_1_146' title='bbox 943 1189 1168 1255; x_wconf 11' lang='lat' dir='ltr'>‘ambitiose’</span> <span class='ocrx_word' id='word_1_147' title='bbox 1187 1194 1240 1241; x_wconf 59' lang='grc' dir='ltr'>Θ·</span> 
     </span>
     <span class='ocr_line' id='line_1_26' title="bbox 270 1259 1238 1328; baseline 0.001 -20"><span class='ocrx_word' id='word_1_148' title='bbox 270 1262 493 1328; x_wconf 65' lang='lat' dir='ltr'>magnifici?</span> <span class='ocrx_word' id='word_1_149' title='bbox 521 1259 733 1328; x_wconf 61' lang='lat' dir='ltr'>aedificant</span> <span class='ocrx_word' id='word_1_150' title='bbox 752 1264 970 1310; x_wconf 82' lang='lat' dir='ltr'>memorias</span> <span class='ocrx_word' id='word_1_151' title='bbox 991 1262 1209 1328; x_wconf 73' lang='lat' dir='ltr'>occisbrum</span> <span class='ocrx_word' id='word_1_152' title='bbox 1223 1296 1238 1318; x_wconf 92' lang='lat'>,</span> 
     </span>
     <span class='ocr_line' id='line_1_27' title="bbox 271 1328 1236 1399; baseline 0.001 -22"><span class='ocrx_word' id='word_1_153' title='bbox 271 1351 369 1399; x_wconf 78' lang='lat' dir='ltr'>quos</span> <span class='ocrx_word' id='word_1_154' title='bbox 383 1336 407 1379; x_wconf 77' lang='grc' dir='ltr'><em>ἁ</em></span> <span class='ocrx_word' id='word_1_155' title='bbox 420 1328 627 1380; x_wconf 78' lang='lat' dir='ltr'>Patribus</span> <span class='ocrx_word' id='word_1_156' title='bbox 628 1330 726 1398; x_wconf 73' lang='lat' dir='ltr'>fitis</span> <span class='ocrx_word' id='word_1_157' title='bbox 729 1333 954 1399; x_wconf 74' lang='lat' dir='ltr'>jugulatos</span> <span class='ocrx_word' id='word_1_158' title='bbox 968 1350 1049 1379; x_wconf 77' lang='lat' dir='ltr'>non</span> <span class='ocrx_word' id='word_1_159' title='bbox 1068 1349 1236 1398; x_wconf 70' lang='lat' dir='ltr'>negant.</span> 
     </span>
    </p>

    <p class='ocr_par' dir='ltr' id='par_1_7' title="bbox 268 1397 1246 1798">
     <span class='ocr_line' id='line_1_28' title="bbox 342 1397 1239 1469; baseline -0.002 -20"><span class='ocrx_word' id='word_1_160' title='bbox 342 1402 459 1449; x_wconf 67' lang='lat' dir='ltr'>Haec</span> <span class='ocrx_word' id='word_1_161' title='bbox 480 1397 793 1466; x_wconf 82' lang='lat' dir='ltr'>splendidiora</span> <span class='ocrx_word' id='word_1_162' title='bbox 811 1436 827 1458; x_wconf 87' lang='lat'><strong>,</strong></span> <span class='ocrx_word' id='word_1_163' title='bbox 863 1420 915 1450; x_wconf 84' lang='lat' dir='ltr'>ac</span> <span class='ocrx_word' id='word_1_164' title='bbox 937 1400 1239 1469; x_wconf 84' lang='lat' dir='ltr'>magnificen-</span> 
     </span>
     <span class='ocr_line' id='line_1_29' title="bbox 270 1470 1243 1526; baseline -0.001 -3"><span class='ocrx_word' id='word_1_165' title='bbox 270 1473 394 1523; x_wconf 80' lang='lat' dir='ltr'>tiora</span> <span class='ocrx_word' id='word_1_166' title='bbox 414 1470 737 1518; x_wconf 82' lang='lat' dir='ltr'>Hebraeorum</span> <span class='ocrx_word' id='word_1_167' title='bbox 758 1486 1071 1520; x_wconf 85' lang='lat' dir='ltr'>monumenta</span> <span class='ocrx_word' id='word_1_168' title='bbox 1088 1470 1243 1526; x_wconf 87' lang='lat' dir='ltr'>fuere:</span> 
     </span>
     <span class='ocr_line' id='line_1_30' title="bbox 271 1537 1245 1610; baseline 0.001 -21"><span class='ocrx_word' id='word_1_169' title='bbox 271 1538 309 1589; x_wconf 85' lang='lat' dir='ltr'><strong>fi</strong></span> <span class='ocrx_word' id='word_1_170' title='bbox 345 1537 545 1588; x_wconf 72' lang='lat' dir='ltr'>ulterius</span> <span class='ocrx_word' id='word_1_171' title='bbox 573 1537 834 1588; x_wconf 76' lang='lat' dir='ltr'>curiositati</span> <span class='ocrx_word' id='word_1_172' title='bbox 864 1544 937 1591; x_wconf 88' lang='lat' dir='ltr'>vis</span> <span class='ocrx_word' id='word_1_173' title='bbox 967 1541 1210 1610; x_wconf 85' lang='lat' dir='ltr'>indulgere</span> <span class='ocrx_word' id='word_1_174' title='bbox 1229 1579 1245 1602; x_wconf 93' lang='lat'>,</span> 
     </span>
     <span class='ocr_line' id='line_1_31' title="bbox 268 1606 1246 1678; baseline 0.002 -19"><span class='ocrx_word' id='word_1_175' title='bbox 268 1611 383 1659; x_wconf 81' lang='lat' dir='ltr'>alias</span> <span class='ocrx_word' id='word_1_176' title='bbox 399 1606 756 1677; x_wconf 79' lang='lat' dir='ltr'>sepulchrorum</span> <span class='ocrx_word' id='word_1_177' title='bbox 778 1608 947 1678; x_wconf 81' lang='lat' dir='ltr'>figuras</span> <span class='ocrx_word' id='word_1_178' title='bbox 961 1647 976 1669; x_wconf 86' lang='lat'>‚</span> <span class='ocrx_word' id='word_1_179' title='bbox 1003 1630 1053 1659; x_wconf 87' lang='lat' dir='ltr'>ac</span> <span class='ocrx_word' id='word_1_180' title='bbox 1074 1610 1246 1661; x_wconf 82' lang='lat' dir='ltr'>formas</span> 
     </span>
     <span class='ocr_line' id='line_1_32' title="bbox 270 1678 1242 1746; baseline 0.001 -19"><span class='ocrx_word' id='word_1_181' title='bbox 270 1678 396 1746; x_wconf 87' lang='lat' dir='ltr'>apud</span> <span class='ocrx_word' id='word_1_182' title='bbox 426 1678 631 1725; x_wconf 90' lang='lat' dir='ltr'>eundem</span> <span class='ocrx_word' id='word_1_183' title='bbox 648 1680 1000 1746; x_wconf 87' lang='lat' dir='ltr'>Hottingerum</span> <span class='ocrx_word' id='word_1_184' title='bbox 1019 1683 1211 1746; x_wconf 82' lang='lat' dir='ltr'>exquire</span> <span class='ocrx_word' id='word_1_185' title='bbox 1231 1717 1242 1728; x_wconf 85' lang='lat'><strong>.</strong></span> 
     </span>
     <span class='ocr_line' id='line_1_33' title="bbox 270 1746 1129 1798; baseline -0.001 0"><span class='ocrx_word' id='word_1_186' title='bbox 270 1749 352 1798; x_wconf 83' lang='lat' dir='ltr'>Ad</span> <span class='ocrx_word' id='word_1_187' title='bbox 373 1746 637 1796; x_wconf 83' lang='lat' dir='ltr'>mediocria</span> <span class='ocrx_word' id='word_1_188' title='bbox 665 1764 787 1794; x_wconf 88' lang='lat' dir='ltr'>nunc</span> <span class='ocrx_word' id='word_1_189' title='bbox 815 1749 1101 1798; x_wconf 84' lang='lat' dir='ltr'>transeamus</span> <span class='ocrx_word' id='word_1_190' title='bbox 1119 1786 1129 1797; x_wconf 87' lang='lat'><strong>.</strong></span> 
     </span>
    </p>

    <p class='ocr_par' dir='ltr' id='par_1_8' title="bbox 267 1816 1246 2858">
     <span class='ocr_line' id='line_1_34' title="bbox 342 1816 1241 1870; baseline 0.004 -4"><span class='ocrx_word' id='word_1_191' title='bbox 342 1816 536 1866; x_wconf 79' lang='lat' dir='ltr'>Hebraei</span> <span class='ocrx_word' id='word_1_192' title='bbox 568 1817 615 1863; x_wconf 90' lang='lat' dir='ltr'>in</span> <span class='ocrx_word' id='word_1_193' title='bbox 648 1817 970 1868; x_wconf 87' lang='lat' dir='ltr'>mediocribus</span> <span class='ocrx_word' id='word_1_194' title='bbox 1000 1822 1143 1869; x_wconf 80' lang='lat' dir='ltr'>etiam</span> <span class='ocrx_word' id='word_1_195' title='bbox 1174 1819 1241 1870; x_wconf 89' lang='lat' dir='ltr'>se-</span> 
     </span>
     <span class='ocr_line' id='line_1_35' title="bbox 270 1888 1246 1958; baseline 0.002 -22"><span class='ocrx_word' id='word_1_196' title='bbox 270 1889 477 1958; x_wconf 81' lang='lat' dir='ltr'>pulchris</span> <span class='ocrx_word' id='word_1_197' title='bbox 493 1888 742 1954; x_wconf 78' lang='lat' dir='ltr'>}ngptios</span> <span class='ocrx_word' id='word_1_198' title='bbox 763 1889 967 1948; x_wconf 81' lang='lat' dir='ltr'>imitati,</span> <span class='ocrx_word' id='word_1_199' title='bbox 985 1909 1121 1958; x_wconf 87' lang='lat' dir='ltr'>rupes</span> <span class='ocrx_word' id='word_1_200' title='bbox 1141 1910 1246 1938; x_wconf 88' lang='lat' dir='ltr'>cau-</span> 
     </span>
     <span class='ocr_line' id='line_1_36' title="bbox 268 1957 1245 2028; baseline 0.001 -22"><span class='ocrx_word' id='word_1_201' title='bbox 268 1957 432 2025; x_wconf 84' lang='lat' dir='ltr'>tesque</span> <span class='ocrx_word' id='word_1_202' title='bbox 452 1960 666 2005; x_wconf 86' lang='lat' dir='ltr'>duriores</span> <span class='ocrx_word' id='word_1_203' title='bbox 684 1958 1021 2008; x_wconf 81' lang='lat' dir='ltr'>exenterabant</span> <span class='ocrx_word' id='word_1_204' title='bbox 1032 1996 1048 2018; x_wconf 84' lang='lat'>,</span> <span class='ocrx_word' id='word_1_205' title='bbox 1062 1974 1115 2008; x_wconf 90' lang='lat' dir='ltr'>ut</span> <span class='ocrx_word' id='word_1_206' title='bbox 1134 1979 1245 2028; x_wconf 85' lang='lat' dir='ltr'>cry-</span> 
     </span>
     <span class='ocr_line' id='line_1_37' title="bbox 267 2024 1244 2097; baseline 0.003 -21"><span class='ocrx_word' id='word_1_207' title='bbox 267 2043 372 2096; x_wconf 78' lang='lat' dir='ltr'>ptas</span> <span class='ocrx_word' id='word_1_208' title='bbox 394 2063 410 2085; x_wconf 89' lang='lat'>‚</span> <span class='ocrx_word' id='word_1_209' title='bbox 437 2029 487 2077; x_wconf 86' lang='lat'>&amp;</span> <span class='ocrx_word' id='word_1_210' title='bbox 506 2024 744 2094; x_wconf 83' lang='lat' dir='ltr'>speluncas</span> <span class='ocrx_word' id='word_1_211' title='bbox 763 2027 896 2079; x_wconf 78' lang='lat' dir='ltr'>effice</span> <span class='ocrx_word' id='word_1_212' title='bbox 906 2045 1007 2079; x_wconf 90' lang='lat' dir='ltr'>rent</span> <span class='ocrx_word' id='word_1_213' title='bbox 1026 2067 1041 2088; x_wconf 93' lang='lat'>,</span> <span class='ocrx_word' id='word_1_214' title='bbox 1080 2032 1126 2077; x_wconf 89' lang='lat' dir='ltr'>in</span> <span class='ocrx_word' id='word_1_215' title='bbox 1144 2033 1244 2097; x_wconf 91' lang='lat' dir='ltr'>qui-</span> 
     </span>
     <span class='ocr_line' id='line_1_38' title="bbox 269 2097 1244 2166; baseline 0.001 -20"><span class='ocrx_word' id='word_1_216' title='bbox 269 2099 356 2146; x_wconf 86' lang='lat' dir='ltr'>bus</span> <span class='ocrx_word' id='word_1_217' title='bbox 392 2097 625 2146; x_wconf 84' lang='lat' dir='ltr'>cadavera</span> <span class='ocrx_word' id='word_1_218' title='bbox 658 2098 972 2148; x_wconf 82' lang='lat' dir='ltr'>conderentur</span> <span class='ocrx_word' id='word_1_219' title='bbox 998 2137 1012 2159; x_wconf 90' lang='lat'><strong>,</strong></span> <span class='ocrx_word' id='word_1_220' title='bbox 1050 2097 1244 2166; x_wconf 51' lang='lat' dir='ltr'>easque„</span> 
     </span>
     <span class='ocr_line' id='line_1_39' title="bbox 269 2166 1242 2237; baseline 0.002 -21"><span class='ocrx_word' id='word_1_221' title='bbox 269 2166 458 2216; x_wconf 89' lang='lat' dir='ltr'>tumbas</span> <span class='ocrx_word' id='word_1_222' title='bbox 494 2166 792 2234; x_wconf 85' lang='lat' dir='ltr'>appellavere</span> <span class='ocrx_word' id='word_1_223' title='bbox 815 2191 830 2230; x_wconf 81' lang='lat'>3</span> <span class='ocrx_word' id='word_1_224' title='bbox 866 2169 993 2236; x_wconf 87' lang='lat' dir='ltr'>quod</span> <span class='ocrx_word' id='word_1_225' title='bbox 1025 2171 1242 2237; x_wconf 80' lang='lat' dir='ltr'>plurimis</span> 
     </span>
     <span class='ocr_line' id='line_1_40' title="bbox 269 2235 1245 2307; baseline 0.002 -21"><span class='ocrx_word' id='word_1_226' title='bbox 269 2238 501 2305; x_wconf 83' lang='lat' dir='ltr'>exemplis</span> <span class='ocrx_word' id='word_1_227' title='bbox 521 2235 695 2284; x_wconf 84' lang='lat' dir='ltr'>firmari</span> <span class='ocrx_word' id='word_1_228' title='bbox 718 2236 897 2306; x_wconf 89' lang='lat' dir='ltr'>potest,</span> <span class='ocrx_word' id='word_1_229' title='bbox 924 2258 981 2289; x_wconf 81' lang='lat' dir='ltr'>ex</span> <span class='ocrx_word' id='word_1_230' title='bbox 998 2238 1167 2307; x_wconf 89' lang='lat' dir='ltr'>quibus</span> <span class='ocrx_word' id='word_1_231' title='bbox 1190 2242 1245 2288; x_wconf 88' lang='lat' dir='ltr'>il-</span> 
     </span>
     <span class='ocr_line' id='line_1_41' title="bbox 271 2306 1243 2376; baseline 0 -17"><span class='ocrx_word' id='word_1_232' title='bbox 271 2310 364 2359; x_wconf 74' lang='lat' dir='ltr'>lico</span> <span class='ocrx_word' id='word_1_233' title='bbox 383 2307 592 2356; x_wconf 83' lang='lat' dir='ltr'>occurrit</span> <span class='ocrx_word' id='word_1_234' title='bbox 611 2307 732 2356; x_wconf 91' lang='lat' dir='ltr'>illud</span> <span class='ocrx_word' id='word_1_235' title='bbox 751 2306 951 2358; x_wconf 78' lang='lat' dir='ltr'>Abrahae</span> <span class='ocrx_word' id='word_1_236' title='bbox 971 2346 987 2368; x_wconf 93' lang='lat'><strong>,</strong></span> <span class='ocrx_word' id='word_1_237' title='bbox 1023 2312 1103 2376; x_wconf 87' lang='lat' dir='ltr'>qui</span> <span class='ocrx_word' id='word_1_238' title='bbox 1125 2313 1243 2360; x_wconf 71' lang='lat' dir='ltr'>Sar-ae</span> 
     </span>
     <span class='ocr_line' id='line_1_42' title="bbox 270 2375 1239 2448; baseline 0.002 -22"><span class='ocrx_word' id='word_1_239' title='bbox 270 2379 431 2426; x_wconf 82' lang='lat' dir='ltr'>uxoris</span> <span class='ocrx_word' id='word_1_240' title='bbox 459 2375 546 2425; x_wconf 78' lang='lat' dir='ltr'>suae</span> <span class='ocrx_word' id='word_1_241' title='bbox 565 2376 770 2428; x_wconf 84' lang='lat' dir='ltr'>cadaver</span> <span class='ocrx_word' id='word_1_242' title='bbox 789 2380 836 2426; x_wconf 88' lang='lat' dir='ltr'>in</span> <span class='ocrx_word' id='word_1_243' title='bbox 854 2379 1034 2448; x_wconf 87' lang='lat' dir='ltr'>duplici</span> <span class='ocrx_word' id='word_1_244' title='bbox 1054 2377 1239 2448; x_wconf 88' lang='lat' dir='ltr'>spelun-</span> 
     </span>
     <span class='ocr_line' id='line_1_43' title="bbox 270 2447 1245 2514; baseline 0.001 -17"><span class='ocrx_word' id='word_1_245' title='bbox 270 2467 322 2497; x_wconf 86' lang='lat' dir='ltr'>ca</span> <span class='ocrx_word' id='word_1_246' title='bbox 336 2483 351 2506; x_wconf 85' lang='lat'><em>,</em></span> <span class='ocrx_word' id='word_1_247' title='bbox 382 2465 525 2514; x_wconf 88' lang='lat' dir='ltr'>quam</span> <span class='ocrx_word' id='word_1_248' title='bbox 551 2449 671 2496; x_wconf 88' lang='lat' dir='ltr'>emit</span> <span class='ocrx_word' id='word_1_249' title='bbox 694 2450 740 2496; x_wconf 88' lang='lat' dir='ltr'>in</span> <span class='ocrx_word' id='word_1_250' title='bbox 758 2447 961 2499; x_wconf 85' lang='lat' dir='ltr'>Hebron</span> <span class='ocrx_word' id='word_1_251' title='bbox 981 2463 1102 2499; x_wconf 90' lang='lat' dir='ltr'>terra</span> <span class='ocrx_word' id='word_1_252' title='bbox 1122 2452 1245 2501; x_wconf 85' lang='lat' dir='ltr'>Cha-</span> 
     </span>
     <span class='ocr_line' id='line_1_44' title="bbox 270 2517 1243 2588; baseline 0.003 -23"><span class='ocrx_word' id='word_1_253' title='bbox 270 2535 407 2565; x_wconf 83' lang='lat' dir='ltr'>naam</span> <span class='ocrx_word' id='word_1_254' title='bbox 438 2518 791 2585; x_wconf 73' lang='lat' dir='ltr'>quadringentis</span> <span class='ocrx_word' id='word_1_255' title='bbox 824 2517 944 2568; x_wconf 80' lang='lat' dir='ltr'>siclis</span> <span class='ocrx_word' id='word_1_256' title='bbox 969 2556 985 2578; x_wconf 90' lang='lat'><strong>,</strong></span> <span class='ocrx_word' id='word_1_257' title='bbox 1022 2517 1243 2588; x_wconf 85' lang='lat' dir='ltr'>deposuit</span> 
     </span>
     <span class='ocr_line' id='line_1_45' title="bbox 269 2585 1240 2659; baseline 0.006 -24"><span class='ocrx_word' id='word_1_258' title='bbox 269 2585 657 2655; x_wconf 85' lang='lat' dir='ltr'>composuitque:</span> <span class='ocrx_word' id='word_1_259' title='bbox 691 2587 772 2636; x_wconf 86' lang='lat' dir='ltr'>ubi</span> <span class='ocrx_word' id='word_1_260' title='bbox 792 2587 948 2657; x_wconf 82' lang='lat' dir='ltr'>postea</span> <span class='ocrx_word' id='word_1_261' title='bbox 967 2591 1015 2640; x_wconf 64' lang='grc' dir='ltr'>ὃς</span> <span class='ocrx_word' id='word_1_262' title='bbox 1040 2588 1135 2659; x_wconf 89' lang='lat' dir='ltr'>ipse</span> <span class='ocrx_word' id='word_1_263' title='bbox 1153 2627 1168 2648; x_wconf 91' lang='lat'><strong>,</strong></span> <span class='ocrx_word' id='word_1_264' title='bbox 1191 2593 1240 2641; x_wconf 72' lang='grc' dir='ltr'>ἃ</span> 
     </span>
     <span class='ocr_line' id='line_1_46' title="bbox 269 2655 1238 2728; baseline 0.004 -24"><span class='ocrx_word' id='word_1_265' title='bbox 269 2655 392 2704; x_wconf 81' lang='lat' dir='ltr'>filius</span> <span class='ocrx_word' id='word_1_266' title='bbox 417 2657 676 2726; x_wconf 76' lang='lat' dir='ltr'>ejusjacob</span> <span class='ocrx_word' id='word_1_267' title='bbox 694 2695 710 2717; x_wconf 92' lang='lat'>‚</span> <span class='ocrx_word' id='word_1_268' title='bbox 742 2672 1066 2728; x_wconf 87' lang='lat' dir='ltr'>nepotumque</span> <span class='ocrx_word' id='word_1_269' title='bbox 1097 2662 1238 2728; x_wconf 89' lang='lat' dir='ltr'>pleri·</span> 
     </span>
     <span class='ocr_line' id='line_1_47' title="bbox 270 2725 1237 2799; baseline 0.005 -26"><span class='ocrx_word' id='word_1_270' title='bbox 270 2744 361 2793; x_wconf 87' lang='lat' dir='ltr'>que</span> <span class='ocrx_word' id='word_1_271' title='bbox 390 2727 571 2774; x_wconf 88' lang='lat' dir='ltr'>humati</span> <span class='ocrx_word' id='word_1_272' title='bbox 592 2725 726 2788; x_wconf 89' lang='lat' dir='ltr'>sunt,</span> <span class='ocrx_word' id='word_1_273' title='bbox 756 2747 815 2779; x_wconf 90' lang='lat' dir='ltr'>ex</span> <span class='ocrx_word' id='word_1_274' title='bbox 832 2729 1003 2779; x_wconf 85' lang='lat' dir='ltr'>Genes.</span> <span class='ocrx_word' id='word_1_275' title='bbox 1035 2749 1135 2799; x_wconf 88' lang='lat' dir='ltr'>cap.</span> <span class='ocrx_word' id='word_1_276' title='bbox 1157 2746 1237 2789; x_wconf 85' lang='lat'>23.</span> 
     </span>
     <span class='ocr_line' id='line_1_48' title="bbox 273 2797 626 2858; baseline -0.003 -1"><span class='ocrx_word' id='word_1_277' title='bbox 273 2813 354 2857; x_wconf 87' lang='lat'>25·</span> <span class='ocrx_word' id='word_1_278' title='bbox 373 2815 453 2858; x_wconf 89' lang='lat'>49·</span> <span class='ocrx_word' id='word_1_279' title='bbox 478 2797 528 2847; x_wconf 70' lang='grc' dir='ltr'>ἃ</span> <span class='ocrx_word' id='word_1_280' title='bbox 549 2813 626 2856; x_wconf 82' lang='lat'>50·</span> 
     </span>
    </p>

    <p class='ocr_par' dir='ltr' id='par_1_9' title="bbox 267 2867 1239 3284">
     <span class='ocr_line' id='line_1_49' title="bbox 351 2867 1239 2938; baseline 0.011 -26"><span class='ocrx_word' id='word_1_281' title='bbox 351 2867 574 2933; x_wconf 87' lang='lat' dir='ltr'>Legimus</span> <span class='ocrx_word' id='word_1_282' title='bbox 612 2870 795 2934; x_wconf 62' lang='lat' dir='ltr'>quoqu&amp;</span> <span class='ocrx_word' id='word_1_283' title='bbox 829 2869 955 2938; x_wconf 86' lang='lat' dir='ltr'>apud</span> <span class='ocrx_word' id='word_1_284' title='bbox 992 2873 1239 2921; x_wconf 72' lang='lat' dir='ltr'>eundem-2</span> 
     </span>
     <span class='ocr_line' id='line_1_50' title="bbox 269 2936 1238 3011; baseline 0.003 -25"><span class='ocrx_word' id='word_1_285' title='bbox 269 2936 620 3003; x_wconf 82' lang='lat' dir='ltr'>Hottingerum</span> <span class='ocrx_word' id='word_1_286' title='bbox 639 2954 744 3004; x_wconf 84' lang='lat' dir='ltr'>pag.</span> <span class='ocrx_word' id='word_1_287' title='bbox 763 2957 843 3002; x_wconf 84' lang='lat'>44.</span> <span class='ocrx_word' id='word_1_288' title='bbox 871 2943 959 2996; x_wconf 84' lang='lat' dir='ltr'>(ut</span> <span class='ocrx_word' id='word_1_289' title='bbox 978 2944 1067 2990; x_wconf 84' lang='lat' dir='ltr'>alia</span> <span class='ocrx_word' id='word_1_290' title='bbox 1090 2944 1238 3011; x_wconf 87' lang='lat' dir='ltr'>pluri·</span> 
     </span>
     <span class='ocr_line' id='line_1_51' title="bbox 267 3004 1237 3078; baseline 0.004 -24"><span class='ocrx_word' id='word_1_291' title='bbox 267 3022 347 3054; x_wconf 83' lang='lat' dir='ltr'>ma</span> <span class='ocrx_word' id='word_1_292' title='bbox 366 3004 632 3054; x_wconf 83' lang='lat' dir='ltr'>testimonia</span> <span class='ocrx_word' id='word_1_293' title='bbox 662 3009 938 3057; x_wconf 75' lang='lat' dir='ltr'>omittamus</span> <span class='ocrx_word' id='word_1_294' title='bbox 955 3044 971 3067; x_wconf 90' lang='lat'>,</span> <span class='ocrx_word' id='word_1_295' title='bbox 997 3014 1164 3078; x_wconf 89' lang='lat' dir='ltr'>quibus</span> <span class='ocrx_word' id='word_1_296' title='bbox 1183 3014 1237 3059; x_wconf 89' lang='lat' dir='ltr'>li-</span> 
     </span>
     <span class='ocr_line' id='line_1_52' title="bbox 268 3073 1238 3147; baseline 0.009 -25"><span class='ocrx_word' id='word_1_297' title='bbox 268 3074 416 3142; x_wconf 71' lang='lat' dir='ltr'>quido</span> <span class='ocrx_word' id='word_1_298' title='bbox 449 3074 628 3124; x_wconf 87' lang='lat' dir='ltr'>constat</span> <span class='ocrx_word' id='word_1_299' title='bbox 647 3111 662 3132; x_wconf 91' lang='lat'>‚</span> <span class='ocrx_word' id='word_1_300' title='bbox 699 3073 939 3144; x_wconf 79' lang='lat' dir='ltr'>speluncas</span> <span class='ocrx_word' id='word_1_301' title='bbox 975 3082 1099 3147; x_wconf 88' lang='lat' dir='ltr'>apud</span> <span class='ocrx_word' id='word_1_302' title='bbox 1137 3084 1238 3131; x_wconf 86' lang='lat' dir='ltr'>He·</span> 
     </span>
     <span class='ocr_line' id='line_1_53' title="bbox 268 3142 1237 3213; baseline 0.005 -19"><span class='ocrx_word' id='word_1_303' title='bbox 268 3144 411 3194; x_wconf 86' lang='lat' dir='ltr'>braeos</span> <span class='ocrx_word' id='word_1_304' title='bbox 437 3164 521 3213; x_wconf 86' lang='lat' dir='ltr'>pro</span> <span class='ocrx_word' id='word_1_305' title='bbox 539 3142 792 3213; x_wconf 86' lang='lat' dir='ltr'>sepulchris</span> <span class='ocrx_word' id='word_1_306' title='bbox 811 3143 967 3209; x_wconf 82' lang='lat' dir='ltr'>fuisse)</span> <span class='ocrx_word' id='word_1_307' title='bbox 985 3163 1082 3197; x_wconf 84' lang='lat' dir='ltr'>tam</span> <span class='ocrx_word' id='word_1_308' title='bbox 1103 3151 1237 3199; x_wconf 77' lang='lat' dir='ltr'>vastae</span> 
     </span>
     <span class='ocr_line' id='line_1_54' title="bbox 268 3214 1233 3284; baseline 0.003 -21"><span class='ocrx_word' id='word_1_309' title='bbox 268 3216 598 3284; x_wconf 81' lang='lat' dir='ltr'>amplitudinis</span> <span class='ocrx_word' id='word_1_310' title='bbox 629 3214 686 3264; x_wconf 89' lang='lat' dir='ltr'>ad</span> <span class='ocrx_word' id='word_1_311' title='bbox 719 3216 897 3267; x_wconf 88' lang='lat' dir='ltr'>radices</span> <span class='ocrx_word' id='word_1_312' title='bbox 924 3221 1099 3268; x_wconf 88' lang='lat' dir='ltr'>montis</span> <span class='ocrx_word' id='word_1_313' title='bbox 1125 3221 1233 3270; x_wconf 90' lang='lat' dir='ltr'>Oli-</span> 
     </span>
    </p>
   </div>
   <div class='ocr_carea' id='block_1_6' title="bbox 1292 980 2271 1328">
    <p class='ocr_par' dir='ltr' id='par_1_10' title="bbox 1292 980 2271 1328">
     <span class='ocr_line' id='line_1_55' title="bbox 1296 980 2271 1048; baseline 0 -20"><span class='ocrx_word' id='word_1_314' title='bbox 1296 986 1363 1030; x_wconf 85' lang='lat' dir='ltr'>nit</span> <span class='ocrx_word' id='word_1_315' title='bbox 1392 981 1451 1028; x_wconf 85' lang='lat' dir='ltr'>ad</span> <span class='ocrx_word' id='word_1_316' title='bbox 1473 995 1807 1028; x_wconf 82' lang='lat' dir='ltr'>monumentum:</span> <span class='ocrx_word' id='word_1_317' title='bbox 1832 996 1923 1028; x_wconf 80' lang='lat' dir='ltr'>erat</span> <span class='ocrx_word' id='word_1_318' title='bbox 1948 995 2085 1028; x_wconf 82' lang='lat' dir='ltr'>autem</span> <span class='ocrx_word' id='word_1_319' title='bbox 2095 980 2271 1048; x_wconf 75' lang='lat' dir='ltr'>spelun-</span> 
     </span>
     <span class='ocr_line' id='line_1_56' title="bbox 1295 1049 2269 1118; baseline -0.001 -17"><span class='ocrx_word' id='word_1_320' title='bbox 1295 1070 1342 1102; x_wconf 83' lang='lat' dir='ltr'>ca</span> <span class='ocrx_word' id='word_1_321' title='bbox 1357 1087 1372 1109; x_wconf 91' lang='lat'><strong><em>,</em></strong></span> <span class='ocrx_word' id='word_1_322' title='bbox 1399 1055 1453 1101; x_wconf 68' lang='lat'>&lt;9⁸</span> <span class='ocrx_word' id='word_1_323' title='bbox 1470 1053 1581 1116; x_wconf 82' lang='lat' dir='ltr'>lapis</span> <span class='ocrx_word' id='word_1_324' title='bbox 1595 1049 1878 1118; x_wconf 71' lang='lat' dir='ltr'>fitperposttus</span> <span class='ocrx_word' id='word_1_325' title='bbox 1893 1067 1984 1099; x_wconf 82' lang='lat' dir='ltr'>erat</span> <span class='ocrx_word' id='word_1_326' title='bbox 2002 1055 2043 1099; x_wconf 87' lang='lat' dir='ltr'>ei</span> <span class='ocrx_word' id='word_1_327' title='bbox 2058 1087 2068 1096; x_wconf 90' lang='lat'><strong>.</strong></span> <span class='ocrx_word' id='word_1_328' title='bbox 2102 1053 2269 1100; x_wconf 57' lang='lat' dir='ltr'>Item.»</span> 
     </span>
     <span class='ocr_line' id='line_1_57' title="bbox 1292 1119 2268 1190; baseline 0 -20"><span class='ocrx_word' id='word_1_329' title='bbox 1292 1141 1393 1190; x_wconf 91' lang='lat' dir='ltr'>cap.</span> <span class='ocrx_word' id='word_1_330' title='bbox 1419 1139 1498 1181; x_wconf 88' lang='lat'>27.</span> <span class='ocrx_word' id='word_1_331' title='bbox 1528 1133 1713 1179; x_wconf 85' lang='lat' dir='ltr'>narrat,</span> <span class='ocrx_word' id='word_1_332' title='bbox 1733 1119 1999 1189; x_wconf 71' lang='lat' dir='ltr'>josephum</span> <span class='ocrx_word' id='word_1_333' title='bbox 2018 1134 2268 1189; x_wconf 87' lang='lat' dir='ltr'>acceptum</span> 
     </span>
     <span class='ocr_line' id='line_1_58' title="bbox 1293 1187 2267 1257; baseline 0 -15"><span class='ocrx_word' id='word_1_334' title='bbox 1293 1193 1490 1242; x_wconf 89' lang='lat' dir='ltr'>Domini</span> <span class='ocrx_word' id='word_1_335' title='bbox 1509 1207 1680 1257; x_wconf 86' lang='lat' dir='ltr'>corpus</span> <span class='ocrx_word' id='word_1_336' title='bbox 1705 1188 1954 1239; x_wconf 76' lang='lat' dir='ltr'>involvisse</span> <span class='ocrx_word' id='word_1_337' title='bbox 1981 1193 2029 1237; x_wconf 89' lang='lat' dir='ltr'>in</span> <span class='ocrx_word' id='word_1_338' title='bbox 2048 1187 2267 1257; x_wconf 87' lang='lat' dir='ltr'>syndone</span> 
     </span>
     <span class='ocr_line' id='line_1_59' title="bbox 1292 1257 2264 1328; baseline 0 -16"><span class='ocrx_word' id='word_1_339' title='bbox 1292 1261 1469 1312; x_wconf 84' lang='lat' dir='ltr'>munda</span> <span class='ocrx_word' id='word_1_340' title='bbox 1492 1297 1508 1318; x_wconf 91' lang='lat'>‚</span> <span class='ocrx_word' id='word_1_341' title='bbox 1545 1262 1596 1311; x_wconf 84' lang='lat'>&amp;</span> <span class='ocrx_word' id='word_1_342' title='bbox 1633 1257 1829 1328; x_wconf 85' lang='lat' dir='ltr'>posuisse</span> <span class='ocrx_word' id='word_1_343' title='bbox 1867 1262 1914 1307; x_wconf 91' lang='lat' dir='ltr'>in</span> <span class='ocrx_word' id='word_1_344' title='bbox 1946 1275 2264 1312; x_wconf 85' lang='lat' dir='ltr'>monumento</span> 
     </span>
    </p>
   </div>
   <div class='ocr_carea' id='block_1_7' title="bbox 1291 1329 2277 1400">
    <p class='ocr_par' dir='ltr' id='par_1_11' title="bbox 1291 1329 2277 1400">
     <span class='ocr_line' id='line_1_60' title="bbox 1291 1329 2277 1400; baseline -0.003 -17"><span class='ocrx_word' id='word_1_345' title='bbox 1291 1334 1373 1383; x_wconf 86' lang='lat' dir='ltr'>suo</span> <span class='ocrx_word' id='word_1_346' title='bbox 1409 1349 1537 1380; x_wconf 82' lang='lat' dir='ltr'>novo</span> <span class='ocrx_word' id='word_1_347' title='bbox 1558 1367 1573 1388; x_wconf 94' lang='lat'>,</span> <span class='ocrx_word' id='word_1_348' title='bbox 1611 1330 1737 1397; x_wconf 84' lang='lat' dir='ltr'>quod</span> <span class='ocrx_word' id='word_1_349' title='bbox 1763 1329 2005 1380; x_wconf 82' lang='lat' dir='ltr'>exciderat</span> <span class='ocrx_word' id='word_1_350' title='bbox 2032 1331 2080 1378; x_wconf 87' lang='lat' dir='ltr'>in</span> <span class='ocrx_word' id='word_1_351' title='bbox 2108 1346 2238 1400; x_wconf 89' lang='lat' dir='ltr'>petra</span> <span class='ocrx_word' id='word_1_352' title='bbox 2256 1367 2277 1390; x_wconf 36' lang='lat'>·&lt;</span> 
     </span>
    </p>
   </div>
   <div class='ocr_carea' id='block_1_8' title="bbox 1286 1399 2274 2452">
    <p class='ocr_par' dir='ltr' id='par_1_12' title="bbox 1286 1399 2274 2452">
     <span class='ocr_line' id='line_1_61' title="bbox 1294 1399 2266 1470; baseline -0.006 -16"><span class='ocrx_word' id='word_1_353' title='bbox 1294 1399 1561 1454; x_wconf 83' lang='lat' dir='ltr'>Confirmat</span> <span class='ocrx_word' id='word_1_354' title='bbox 1592 1401 1640 1449; x_wconf 90' lang='lat' dir='ltr'>id</span> <span class='ocrx_word' id='word_1_355' title='bbox 1665 1402 1811 1449; x_wconf 82' lang='lat' dir='ltr'>etiam</span> <span class='ocrx_word' id='word_1_356' title='bbox 1844 1404 2033 1449; x_wconf 84' lang='lat' dir='ltr'>Marcus</span> <span class='ocrx_word' id='word_1_357' title='bbox 2062 1418 2163 1470; x_wconf 87' lang='lat' dir='ltr'>cap.</span> <span class='ocrx_word' id='word_1_358' title='bbox 2191 1418 2266 1463; x_wconf 83' lang='lat'>15.</span> 
     </span>
     <span class='ocr_line' id='line_1_62' title="bbox 1297 1472 2267 1539; baseline -0.002 -16"><span class='ocrx_word' id='word_1_359' title='bbox 1297 1473 1380 1523; x_wconf 87' lang='lat' dir='ltr'>ubi</span> <span class='ocrx_word' id='word_1_360' title='bbox 1408 1489 1577 1539; x_wconf 85' lang='lat' dir='ltr'>corpus</span> <span class='ocrx_word' id='word_1_361' title='bbox 1604 1473 1918 1520; x_wconf 89' lang='lat' dir='ltr'>Dominicum</span> <span class='ocrx_word' id='word_1_362' title='bbox 1946 1472 2096 1522; x_wconf 82' lang='lat' dir='ltr'>linteo</span> <span class='ocrx_word' id='word_1_363' title='bbox 2129 1474 2267 1521; x_wconf 83' lang='lat' dir='ltr'>invo-</span> 
     </span>
     <span class='ocr_line' id='line_1_63' title="bbox 1298 1540 2270 1610; baseline -0.002 -18"><span class='ocrx_word' id='word_1_364' title='bbox 1298 1546 1455 1593; x_wconf 89' lang='lat' dir='ltr'>lutum</span> <span class='ocrx_word' id='word_1_365' title='bbox 1477 1541 1623 1589; x_wconf 83' lang='lat' dir='ltr'>tradit</span> <span class='ocrx_word' id='word_1_366' title='bbox 1641 1577 1657 1599; x_wconf 91' lang='lat'>,</span> <span class='ocrx_word' id='word_1_367' title='bbox 1686 1543 1735 1591; x_wconf 70' lang='grc' dir='ltr'>ὃ(</span> <span class='ocrx_word' id='word_1_368' title='bbox 1752 1540 1993 1610; x_wconf 39' lang='grc' dir='ltr'>ἐθοίὲρὴο</span> <span class='ocrx_word' id='word_1_369' title='bbox 2020 1543 2068 1588; x_wconf 90' lang='lat' dir='ltr'>in</span> <span class='ocrx_word' id='word_1_370' title='bbox 2097 1559 2270 1590; x_wconf 67' lang='lat' dir='ltr'>monu-</span> 
     </span>
     <span class='ocr_line' id='line_1_64' title="bbox 1299 1610 2270 1678; baseline -0.002 -16"><span class='ocrx_word' id='word_1_371' title='bbox 1299 1626 1461 1662; x_wconf 87' lang='lat' dir='ltr'>mento</span> <span class='ocrx_word' id='word_1_372' title='bbox 1489 1613 1535 1658; x_wconf 90' lang='lat' dir='ltr'>in</span> <span class='ocrx_word' id='word_1_373' title='bbox 1555 1624 1688 1678; x_wconf 84' lang='lat' dir='ltr'>petra</span> <span class='ocrx_word' id='word_1_374' title='bbox 1704 1610 1858 1660; x_wconf 86' lang='lat' dir='ltr'>exciso</span> <span class='ocrx_word' id='word_1_375' title='bbox 1878 1612 2111 1659; x_wconf 89' lang='lat' dir='ltr'>locatum.</span> <span class='ocrx_word' id='word_1_376' title='bbox 2139 1615 2270 1660; x_wconf 88' lang='lat' dir='ltr'>Item</span> 
     </span>
     <span class='ocr_line' id='line_1_65' title="bbox 1298 1681 2272 1750; baseline 0 -20"><span class='ocrx_word' id='word_1_377' title='bbox 1298 1686 1448 1730; x_wconf 85' lang='lat' dir='ltr'>Lucas</span> <span class='ocrx_word' id='word_1_378' title='bbox 1470 1699 1571 1747; x_wconf 81' lang='lat' dir='ltr'>cap.</span> <span class='ocrx_word' id='word_1_379' title='bbox 1594 1695 1673 1737; x_wconf 84' lang='lat'>23.</span> <span class='ocrx_word' id='word_1_380' title='bbox 1708 1681 1767 1730; x_wconf 86' lang='lat' dir='ltr'>Et</span> <span class='ocrx_word' id='word_1_381' title='bbox 1787 1682 1929 1750; x_wconf 82' lang='lat' dir='ltr'>posuit</span> <span class='ocrx_word' id='word_1_382' title='bbox 1947 1700 2039 1730; x_wconf 86' lang='lat' dir='ltr'>eum</span> <span class='ocrx_word' id='word_1_383' title='bbox 2057 1686 2107 1731; x_wconf 86' lang='lat' dir='ltr'>in</span> <span class='ocrx_word' id='word_1_384' title='bbox 2124 1700 2272 1730; x_wconf 68' lang='lat' dir='ltr'>manu«</span> 
     </span>
     <span class='ocr_line' id='line_1_66' title="bbox 1300 1751 2268 1819; baseline 0 -17"><span class='ocrx_word' id='word_1_385' title='bbox 1300 1769 1436 1802; x_wconf 72' lang='lat' dir='ltr'>mento</span> <span class='ocrx_word' id='word_1_386' title='bbox 1469 1751 1607 1819; x_wconf 63' lang='lat' dir='ltr'>excisi&gt;</span> <span class='ocrx_word' id='word_1_387' title='bbox 1629 1785 1639 1795; x_wconf 90' lang='lat'>.</span> <span class='ocrx_word' id='word_1_388' title='bbox 1681 1752 1827 1817; x_wconf 81' lang='lat' dir='ltr'>Qod</span> <span class='ocrx_word' id='word_1_389' title='bbox 1858 1765 2268 1802; x_wconf 68' lang='lat' dir='ltr'>monumentum-³</span> 
     </span>
     <span class='ocr_line' id='line_1_67' title="bbox 1298 1820 2274 1891; baseline 0.002 -21"><span class='ocrx_word' id='word_1_390' title='bbox 1298 1821 1568 1891; x_wconf 84' lang='lat' dir='ltr'>speluncam</span> <span class='ocrx_word' id='word_1_391' title='bbox 1598 1823 1807 1888; x_wconf 86' lang='lat' dir='ltr'>appellat</span> <span class='ocrx_word' id='word_1_392' title='bbox 1832 1820 2059 1869; x_wconf 89' lang='lat' dir='ltr'>Eusebius</span> <span class='ocrx_word' id='word_1_393' title='bbox 2091 1825 2139 1869; x_wconf 91' lang='lat' dir='ltr'>in</span> <span class='ocrx_word' id='word_1_394' title='bbox 2166 1827 2274 1873; x_wconf 81' lang='lat' dir='ltr'>vita</span> 
     </span>
     <span class='ocr_line' id='line_1_68' title="bbox 1298 1888 2270 1957; baseline 0.004 -19"><span class='ocrx_word' id='word_1_395' title='bbox 1298 1895 1452 1945; x_wconf 63' lang='lat' dir='ltr'>Confl-</span> <span class='ocrx_word' id='word_1_396' title='bbox 1471 1888 1551 1938; x_wconf 83' lang='lat' dir='ltr'>lib.</span> <span class='ocrx_word' id='word_1_397' title='bbox 1569 1905 1613 1948; x_wconf 84' lang='lat'>3.</span> <span class='ocrx_word' id='word_1_398' title='bbox 1634 1908 1735 1957; x_wconf 85' lang='lat' dir='ltr'>cap.</span> <span class='ocrx_word' id='word_1_399' title='bbox 1759 1901 1839 1939; x_wconf 79' lang='lat'>26¹.</span> <span class='ocrx_word' id='word_1_400' title='bbox 1862 1892 1912 1940; x_wconf 85' lang='lat'>&amp;</span> <span class='ocrx_word' id='word_1_401' title='bbox 1936 1895 2014 1939; x_wconf 85' lang='lat'>28.</span> <span class='ocrx_word' id='word_1_402' title='bbox 2047 1891 2129 1939; x_wconf 86' lang='lat' dir='ltr'>ubi</span> <span class='ocrx_word' id='word_1_403' title='bbox 2147 1891 2270 1942; x_wconf 84' lang='lat' dir='ltr'>refe-</span> 
     </span>
     <span class='ocr_line' id='line_1_69' title="bbox 1297 1958 2273 2028; baseline -0.001 -17"><span class='ocrx_word' id='word_1_404' title='bbox 1297 1981 1401 2012; x_wconf 84' lang='lat' dir='ltr'>rens</span> <span class='ocrx_word' id='word_1_405' title='bbox 1431 1961 1676 2008; x_wconf 88' lang='lat' dir='ltr'>Dominici</span> <span class='ocrx_word' id='word_1_406' title='bbox 1705 1958 1938 2028; x_wconf 86' lang='lat' dir='ltr'>sepulchri</span> <span class='ocrx_word' id='word_1_407' title='bbox 1969 1958 2054 2007; x_wconf 88' lang='lat' dir='ltr'>sub</span> <span class='ocrx_word' id='word_1_408' title='bbox 2074 1960 2273 2010; x_wconf 87' lang='lat' dir='ltr'>Costan-</span> 
     </span>
     <span class='ocr_line' id='line_1_70' title="bbox 1297 2029 2270 2097; baseline -0.003 -16"><span class='ocrx_word' id='word_1_409' title='bbox 1297 2035 1476 2087; x_wconf 75' lang='lat' dir='ltr'>tiniano</span> <span class='ocrx_word' id='word_1_410' title='bbox 1491 2031 1702 2097; x_wconf 88' lang='lat' dir='ltr'>Imperio</span> <span class='ocrx_word' id='word_1_411' title='bbox 1724 2031 2074 2088; x_wconf 86' lang='lat' dir='ltr'>inventionem,</span> <span class='ocrx_word' id='word_1_412' title='bbox 2088 2031 2182 2080; x_wconf 86' lang='lat' dir='ltr'>haec</span> <span class='ocrx_word' id='word_1_413' title='bbox 2198 2029 2270 2079; x_wconf 83' lang='lat' dir='ltr'>fa-</span> 
     </span>
     <span class='ocr_line' id='line_1_71' title="bbox 1297 2101 2273 2171; baseline 0 -19"><span class='ocrx_word' id='word_1_414' title='bbox 1297 2118 1400 2152; x_wconf 82' lang='lat' dir='ltr'>tur:</span> <span class='ocrx_word' id='word_1_415' title='bbox 1431 2101 1553 2152; x_wconf 82' lang='lat' dir='ltr'>Tunc</span> <span class='ocrx_word' id='word_1_416' title='bbox 1570 2106 1677 2150; x_wconf 65' lang='lat' dir='ltr'>vero</span> <span class='ocrx_word' id='word_1_417' title='bbox 1693 2102 1827 2170; x_wconf 77' lang='lat' dir='ltr'>ipfitm</span> <span class='ocrx_word' id='word_1_418' title='bbox 1845 2102 2070 2171; x_wconf 63' lang='lat' dir='ltr'>augustum</span> <span class='ocrx_word' id='word_1_419' title='bbox 2079 2102 2273 2171; x_wconf 71' lang='lat' dir='ltr'>fhm‘lifi·</span> 
     </span>
     <span class='ocr_line' id='line_1_72' title="bbox 1286 2172 2273 2243; baseline 0.001 -21"><span class='ocrx_word' id='word_1_420' title='bbox 1286 2174 1524 2243; x_wconf 78' lang='lat' dir='ltr'>fimumque</span> <span class='ocrx_word' id='word_1_421' title='bbox 1551 2172 1895 2240; x_wconf 60' lang='lat' dir='ltr'>Refizrreffionis</span> <span class='ocrx_word' id='word_1_422' title='bbox 1925 2190 2273 2223; x_wconf 55' lang='lat' dir='ltr'>monumentum-⁴</span> 
     </span>
     <span class='ocr_line' id='line_1_73' title="bbox 1295 2240 2273 2311; baseline -0.003 -19"><span class='ocrx_word' id='word_1_423' title='bbox 1295 2259 1444 2311; x_wconf 81' lang='lat' dir='ltr'>praeter</span> <span class='ocrx_word' id='word_1_424' title='bbox 1471 2246 1655 2290; x_wconf 80' lang='lat' dir='ltr'>omnium</span> <span class='ocrx_word' id='word_1_425' title='bbox 1663 2243 1785 2310; x_wconf 67' lang='lat' dir='ltr'>spem</span> <span class='ocrx_word' id='word_1_426' title='bbox 1809 2240 2005 2310; x_wconf 50' lang='lat' dir='ltr'>rcfidfiffi</span> <span class='ocrx_word' id='word_1_427' title='bbox 2032 2245 2273 2311; x_wconf 63' lang='lat' dir='ltr'>&amp;spelun-</span> 
     </span>
     <span class='ocr_line' id='line_1_74' title="bbox 1297 2313 2273 2380; baseline -0.003 -17"><span class='ocrx_word' id='word_1_428' title='bbox 1297 2334 1344 2363; x_wconf 83' lang='lat' dir='ltr'>ca</span> <span class='ocrx_word' id='word_1_429' title='bbox 1366 2316 1447 2362; x_wconf 82' lang='lat' dir='ltr'>illa</span> <span class='ocrx_word' id='word_1_430' title='bbox 1461 2349 1477 2370; x_wconf 88' lang='lat'><em>,</em></span> <span class='ocrx_word' id='word_1_431' title='bbox 1504 2332 1587 2380; x_wconf 65' lang='lat' dir='ltr'>qux</span> <span class='ocrx_word' id='word_1_432' title='bbox 1603 2313 1765 2363; x_wconf 71' lang='lat' dir='ltr'>Sanft&#39;a</span> <span class='ocrx_word' id='word_1_433' title='bbox 1783 2313 2033 2362; x_wconf 61' lang='lat' dir='ltr'>Sanc‘t&#39;orum</span> <span class='ocrx_word' id='word_1_434' title='bbox 2052 2319 2158 2362; x_wconf 67' lang='lat' dir='ltr'>ver?</span> <span class='ocrx_word' id='word_1_435' title='bbox 2177 2314 2273 2374; x_wconf 10' lang='lat' dir='ltr'>dici*</span> 
     </span>
     <span class='ocr_line' id='line_1_75' title="bbox 1290 2383 2271 2452; baseline -0.003 -18"><span class='ocrx_word' id='word_1_436' title='bbox 1290 2385 1434 2452; x_wconf 73' lang='lat' dir='ltr'>poteft&#39;</span> <span class='ocrx_word' id='word_1_437' title='bbox 1450 2419 1466 2441; x_wconf 90' lang='lat'><strong><em>,</em></strong></span> <span class='ocrx_word' id='word_1_438' title='bbox 1503 2388 1550 2432; x_wconf 87' lang='lat' dir='ltr'>in</span> <span class='ocrx_word' id='word_1_439' title='bbox 1579 2384 1710 2431; x_wconf 85' lang='lat' dir='ltr'>lucem</span> <span class='ocrx_word' id='word_1_440' title='bbox 1733 2383 1928 2447; x_wconf 75' lang='lat' dir='ltr'>prodiit.&#39;</span> <span class='ocrx_word' id='word_1_441' title='bbox 1968 2383 2271 2432; x_wconf 88' lang='lat' dir='ltr'>Percommo-</span> 
     </span>
    </p>
   </div>
   <div class='ocr_carea' id='block_1_9' title="bbox 1298 2451 2292 2520">
    <p class='ocr_par' dir='ltr' id='par_1_13' title="bbox 1298 2451 2292 2520">
     <span class='ocr_line' id='line_1_76' title="bbox 1298 2451 2292 2520; baseline -0.005 -16"><span class='ocrx_word' id='word_1_442' title='bbox 1298 2457 1416 2504; x_wconf 91' lang='lat' dir='ltr'>dum</span> <span class='ocrx_word' id='word_1_443' title='bbox 1446 2455 1619 2520; x_wconf 86' lang='lat' dir='ltr'>quippe</span> <span class='ocrx_word' id='word_1_444' title='bbox 1638 2465 1738 2500; x_wconf 86' lang='lat' dir='ltr'>erat</span> <span class='ocrx_word' id='word_1_445' title='bbox 1758 2451 1977 2501; x_wconf 84' lang='lat' dir='ltr'>Hebraeis</span> <span class='ocrx_word' id='word_1_446' title='bbox 1995 2451 2270 2515; x_wconf 85' lang='lat' dir='ltr'>hujusmodi</span> <span class='ocrx_word' id='word_1_447' title='bbox 2290 2472 2292 2475; x_wconf 93' lang='lat'>·</span> 
     </span>
    </p>
   </div>
   <div class='ocr_carea' id='block_1_10' title="bbox 1287 2520 2270 3343">
    <p class='ocr_par' dir='ltr' id='par_1_14' title="bbox 1294 2520 2270 2801">
     <span class='ocr_line' id='line_1_77' title="bbox 1296 2520 2270 2594; baseline -0.006 -19"><span class='ocrx_word' id='word_1_448' title='bbox 1296 2524 1459 2594; x_wconf 87' lang='lat' dir='ltr'>specus</span> <span class='ocrx_word' id='word_1_449' title='bbox 1486 2525 1532 2571; x_wconf 88' lang='lat' dir='ltr'>in</span> <span class='ocrx_word' id='word_1_450' title='bbox 1557 2520 1750 2589; x_wconf 88' lang='lat' dir='ltr'>rupibus</span> <span class='ocrx_word' id='word_1_451' title='bbox 1780 2540 2008 2572; x_wconf 85' lang='lat' dir='ltr'>excavare</span> <span class='ocrx_word' id='word_1_452' title='bbox 2028 2557 2045 2580; x_wconf 84' lang='lat'>,</span> <span class='ocrx_word' id='word_1_453' title='bbox 2083 2523 2270 2591; x_wconf 85' lang='lat' dir='ltr'>praeser-</span> 
     </span>
     <span class='ocr_line' id='line_1_78' title="bbox 1297 2589 2269 2656; baseline -0.005 -12"><span class='ocrx_word' id='word_1_454' title='bbox 1297 2599 1388 2644; x_wconf 89' lang='lat' dir='ltr'>tim</span> <span class='ocrx_word' id='word_1_455' title='bbox 1415 2600 1546 2656; x_wconf 84' lang='lat' dir='ltr'>juxta</span> <span class='ocrx_word' id='word_1_456' title='bbox 1579 2589 1886 2641; x_wconf 86' lang='lat' dir='ltr'>Hierusalem</span> <span class='ocrx_word' id='word_1_457' title='bbox 1912 2628 1929 2651; x_wconf 86' lang='lat'>,</span> <span class='ocrx_word' id='word_1_458' title='bbox 1965 2591 2074 2640; x_wconf 68' lang='lat' dir='ltr'>edm</span> <span class='ocrx_word' id='word_1_459' title='bbox 2110 2591 2269 2640; x_wconf 86' lang='lat' dir='ltr'>stadiis</span> 
     </span>
     <span class='ocr_line' id='line_1_79' title="bbox 1294 2661 2269 2729; baseline -0.005 -16"><span class='ocrx_word' id='word_1_460' title='bbox 1294 2663 1444 2715; x_wconf 67' lang='lat' dir='ltr'>ferme</span> <span class='ocrx_word' id='word_1_461' title='bbox 1463 2661 1699 2729; x_wconf 85' lang='lat' dir='ltr'>sexaginta</span> <span class='ocrx_word' id='word_1_462' title='bbox 1727 2679 1811 2729; x_wconf 88' lang='lat' dir='ltr'>per</span> <span class='ocrx_word' id='word_1_463' title='bbox 1841 2664 2096 2709; x_wconf 88' lang='lat' dir='ltr'>circuitum</span> <span class='ocrx_word' id='word_1_464' title='bbox 2116 2661 2174 2709; x_wconf 88' lang='lat' dir='ltr'>ab</span> <span class='ocrx_word' id='word_1_465' title='bbox 2196 2678 2269 2709; x_wconf 87' lang='lat' dir='ltr'>ur-</span> 
     </span>
     <span class='ocr_line' id='line_1_80' title="bbox 1296 2728 2264 2801; baseline -0.006 -18"><span class='ocrx_word' id='word_1_466' title='bbox 1296 2735 1354 2785; x_wconf 90' lang='lat' dir='ltr'>be</span> <span class='ocrx_word' id='word_1_467' title='bbox 1381 2752 1432 2783; x_wconf 88' lang='lat' dir='ltr'>ea</span> <span class='ocrx_word' id='word_1_468' title='bbox 1463 2734 1593 2801; x_wconf 85' lang='lat' dir='ltr'>regio</span> <span class='ocrx_word' id='word_1_469' title='bbox 1625 2728 1742 2780; x_wconf 86' lang='lat' dir='ltr'>saxis</span> <span class='ocrx_word' id='word_1_470' title='bbox 1771 2731 1929 2799; x_wconf 84' lang='lat' dir='ltr'>aspera</span> <span class='ocrx_word' id='word_1_471' title='bbox 1960 2730 2050 2789; x_wconf 86' lang='lat' dir='ltr'>fit,</span> <span class='ocrx_word' id='word_1_472' title='bbox 2084 2732 2264 2780; x_wconf 89' lang='lat' dir='ltr'>monti-</span> 
     </span>
    </p>

    <p class='ocr_par' dir='ltr' id='par_1_15' title="bbox 1287 2797 2268 3343">
     <span class='ocr_line' id='line_1_81' title="bbox 1295 2797 2196 2871; baseline -0.006 -18"><span class='ocrx_word' id='word_1_473' title='bbox 1295 2802 1470 2869; x_wconf 88' lang='lat' dir='ltr'>busque</span> <span class='ocrx_word' id='word_1_474' title='bbox 1492 2802 1854 2871; x_wconf 85' lang='lat' dir='ltr'>quamplurimis</span> <span class='ocrx_word' id='word_1_475' title='bbox 1877 2797 2162 2850; x_wconf 79' lang='lat' dir='ltr'>intumescat</span> <span class='ocrx_word' id='word_1_476' title='bbox 2182 2836 2196 2848; x_wconf 90' lang='lat'><strong>.</strong></span> 
     </span>
     <span class='ocr_line' id='line_1_82' title="bbox 1350 2869 2268 2942; baseline -0.007 -19"><span class='ocrx_word' id='word_1_477' title='bbox 1350 2875 1461 2923; x_wconf 86' lang='lat' dir='ltr'>Alia</span> <span class='ocrx_word' id='word_1_478' title='bbox 1479 2872 1814 2942; x_wconf 65' lang='lat' dir='ltr'>deJudeorum</span> <span class='ocrx_word' id='word_1_479' title='bbox 1833 2869 2087 2939; x_wconf 88' lang='lat' dir='ltr'>sepulchris</span> <span class='ocrx_word' id='word_1_480' title='bbox 2106 2887 2268 2920; x_wconf 85' lang='lat' dir='ltr'>exem-</span> 
     </span>
     <span class='ocr_line' id='line_1_83' title="bbox 1290 2939 2263 3014; baseline -0.006 -21"><span class='ocrx_word' id='word_1_481' title='bbox 1290 2946 1369 3014; x_wconf 84' lang='lat' dir='ltr'>pla</span> <span class='ocrx_word' id='word_1_482' title='bbox 1394 2941 1542 2991; x_wconf 90' lang='lat' dir='ltr'>libens</span> <span class='ocrx_word' id='word_1_483' title='bbox 1568 2939 1791 2991; x_wconf 89' lang='lat' dir='ltr'>referrem</span> <span class='ocrx_word' id='word_1_484' title='bbox 1811 2976 1827 2999; x_wconf 88' lang='lat'>,</span> <span class='ocrx_word' id='word_1_485' title='bbox 1862 2940 1969 2992; x_wconf 83' lang='lat' dir='ltr'>fi&#39;ea</span> <span class='ocrx_word' id='word_1_486' title='bbox 1996 2942 2115 2989; x_wconf 91' lang='lat' dir='ltr'>mihi</span> <span class='ocrx_word' id='word_1_487' title='bbox 2139 2943 2263 2989; x_wconf 82' lang='lat' dir='ltr'>Scri-</span> 
     </span>
     <span class='ocr_line' id='line_1_84' title="bbox 1294 3008 2264 3083; baseline -0.005 -21"><span class='ocrx_word' id='word_1_488' title='bbox 1294 3028 1485 3083; x_wconf 87' lang='lat' dir='ltr'>ptorum</span> <span class='ocrx_word' id='word_1_489' title='bbox 1504 3013 1639 3079; x_wconf 85' lang='lat' dir='ltr'>copia</span> <span class='ocrx_word' id='word_1_490' title='bbox 1663 3008 1927 3072; x_wconf 81' lang='lat' dir='ltr'>sufficeret3</span> <span class='ocrx_word' id='word_1_491' title='bbox 1954 3009 2032 3061; x_wconf 90' lang='lat' dir='ltr'>sed</span> <span class='ocrx_word' id='word_1_492' title='bbox 2052 3009 2264 3060; x_wconf 89' lang='lat' dir='ltr'>Hebrai-</span> 
     </span>
     <span class='ocr_line' id='line_1_85' title="bbox 1292 3078 2264 3150; baseline -0.004 -18"><span class='ocrx_word' id='word_1_493' title='bbox 1292 3102 1395 3132; x_wconf 84' lang='lat' dir='ltr'>cam</span> <span class='ocrx_word' id='word_1_494' title='bbox 1423 3096 1616 3150; x_wconf 88' lang='lat' dir='ltr'>gentem</span> <span class='ocrx_word' id='word_1_495' title='bbox 1648 3078 1801 3148; x_wconf 71' lang='lat' dir='ltr'>potius</span> <span class='ocrx_word' id='word_1_496' title='bbox 1828 3081 1888 3130; x_wconf 89' lang='lat' dir='ltr'>ad</span> <span class='ocrx_word' id='word_1_497' title='bbox 1913 3079 2135 3131; x_wconf 87' lang='lat' dir='ltr'>miseram</span> <span class='ocrx_word' id='word_1_498' title='bbox 2163 3094 2264 3128; x_wconf 88' lang='lat' dir='ltr'>tur·-</span> 
     </span>
     <span class='ocr_line' id='line_1_86' title="bbox 1289 3148 2259 3222; baseline -0.001 -22"><span class='ocrx_word' id='word_1_499' title='bbox 1289 3150 1616 3222; x_wconf 83' lang='lat' dir='ltr'>piffimamque</span> <span class='ocrx_word' id='word_1_500' title='bbox 1633 3150 1929 3209; x_wconf 79' lang='lat' dir='ltr'>servitutem,</span> <span class='ocrx_word' id='word_1_501' title='bbox 1941 3154 2084 3218; x_wconf 74' lang='lat' dir='ltr'>quam</span> <span class='ocrx_word' id='word_1_502' title='bbox 2103 3149 2162 3199; x_wconf 88' lang='lat' dir='ltr'>ad</span> <span class='ocrx_word' id='word_1_503' title='bbox 2181 3148 2259 3199; x_wconf 85' lang='lat' dir='ltr'>bo-</span> 
     </span>
     <span class='ocr_line' id='line_1_87' title="bbox 1287 3222 2260 3290; baseline -0.002 -20"><span class='ocrx_word' id='word_1_504' title='bbox 1287 3241 1366 3271; x_wconf 89' lang='lat' dir='ltr'>nas</span> <span class='ocrx_word' id='word_1_505' title='bbox 1385 3236 1503 3272; x_wconf 86' lang='lat' dir='ltr'>artes</span> <span class='ocrx_word' id='word_1_506' title='bbox 1516 3257 1534 3281; x_wconf 90' lang='lat'>‚</span> <span class='ocrx_word' id='word_1_507' title='bbox 1561 3223 1611 3273; x_wconf 86' lang='lat'>&amp;</span> <span class='ocrx_word' id='word_1_508' title='bbox 1630 3222 1857 3290; x_wconf 58' lang='lat' dir='ltr'>praecipue</span> <span class='ocrx_word' id='word_1_509' title='bbox 1883 3223 2116 3270; x_wconf 85' lang='lat' dir='ltr'>literarias</span> <span class='ocrx_word' id='word_1_510' title='bbox 2132 3257 2150 3281; x_wconf 90' lang='lat'>‚</span> <span class='ocrx_word' id='word_1_511' title='bbox 2183 3239 2260 3269; x_wconf 88' lang='lat' dir='ltr'>na-</span> 
     </span>
     <span class='ocr_line' id='line_1_88' title="bbox 2123 3301 2254 3343; baseline -0.038 0"><span class='ocrx_word' id='word_1_512' title='bbox 2123 3338 2126 3343; x_wconf 92' lang='lat'>.</span> <span class='ocrx_word' id='word_1_513' title='bbox 2152 3301 2254 3340; x_wconf 83' lang='lat' dir='ltr'>tam</span> 
     </span>
    </p>
   </div>
  </div>
 </body>
</html>
