2425 3747
723 169 990 225 CAP

1066 175 1112 228 U
1188 175 1234 226 T
1335 173 1520 226 XIII.

2015 186 2111 240 '103

95 246 416 294 characterum
433 246 646 312 origine,
665 261 716 290 ac
733 240 1075 312 significatione
1130 245 1334 294 vestium
1368 246 1536 296 eadem
1569 248 1763 314 pingere
1793 245 2080 299 consuevere
2101 290 2111 300 .

91 314 323 365 sententia
346 332 582 383 exponam
599 350 609 360 .

1201 319 1306 365 Scio
1337 317 1466 383 quod
1502 316 1659 364 statim
1686 318 1796 364 huic
1819 315 1982 365 nostrae
2011 320 2110 368 len-

164 389 235 435 Ex
252 386 439 435 diutina
459 402 569 451 ergo
589 419 606 440 ,
642 402 696 431 ac
727 381 1071 436 seriamedita-
1127 389 1288 435 tentiae
1317 388 1464 450 objici
1493 387 1645 454 potest
1664 423 1681 445 ,
1718 385 1845 453 figna
1873 389 1922 437 ὃς
1954 388 2111 439 literas

94 457 222 505 tione
243 493 258 514 ,
291 475 434 523 quam
464 453 607 501 habui
627 453 765 522 super
792 455 877 502 hac
906 475 986 515 re,
1022 460 1072 508 ὃς
1126 475 1226 522 quae
1259 459 1306 504 in
1326 459 1489 525 pannis
1509 457 1644 515 sunt,
1682 460 1708 506 a
1738 458 1895 506 sutore
1930 459 2110 519 recidi,

92 544 150 573 ex
180 523 627 581 contrarietatibus,
655 543 755 592 quae
787 527 833 572 in
854 526 1069 592 praefato-

1123 528 1174 576 &
1195 526 1364 589 abjici,
1391 546 1478 575 nec
1496 545 1704 595 unquam
1735 529 1781 574 in
1800 526 2008 577 vestibus
2035 549 2111 597 ap-

90 613 198 644 rum
219 597 490 645 Auditorum
508 595 660 643 allatis
680 592 920 645 sententiis
940 616 1071 665 repe·
1125 614 1290 664 parere
1308 619 1321 657 3
1340 597 1464 645 unde
1487 615 1586 662 quae
1606 600 1654 645 in
1676 597 1884 646 vestibus
1903 598 2108 666 Aposto-

88 667 308 723 fiuntur,
345 666 661 729 conjecturari
690 667 810 713 mihi
838 663 958 734 posse
994 686 1067 716 vi-

87 736 227 784 detur
244 772 262 794 ,
299 736 427 803 quod
449 736 562 804 saep}
581 750 861 785 memorata>
888 738 1065 795 literae,

84 803 246 873 ligna,
283 807 605 864 charactereS,
642 821 724 855 aut
756 825 1064 874 monogram-

83 889 211 924 mata
250 879 296 925 in
338 891 560 927 veterum
605 878 855 926 Sacrarum
891 879 1065 944 Imagi-

82 963 199 994 num
220 948 424 997 vestibus
440 985 455 1005 ‚
478 948 714 1015 originem
733 946 864 997 suam
886 946 1059 996 habue-

81 1018 176 1064 rint
193 1016 250 1065 ab
267 1021 463 1085 antiquo
481 1035 614 1066 more
639 1020 753 1085 (qui
768 1020 914 1067 etiam
935 1036 1059 1065 nunc

80 1085 256 1155 ubique
293 1091 339 1136 in
379 1087 462 1136 usu
501 1087 604 1150 est)
642 1087 855 1156 signandi
893 1106 1059 1137 omnes

79 1175 257 1224 pannos
281 1157 409 1226 figno
442 1160 692 1226 imaginis,
729 1171 812 1205 aut
839 1156 1016 1225 effigiei
1038 1193 1062 1215 ,2

75 1225 155 1274 seu
178 1230 368 1276 alterius
392 1244 543 1284 notae,
579 1246 679 1295 quae
701 1226 850 1295 vulg&
878 1227 1057 1274 dicitur

75 1297 229 1347 Marco
249 1333 264 1354 ,
290 1296 389 1350 five,
403 1298 620 1364 Impronta
640 1295 844 1346 officinae
869 1297 1051 1346 Texto-

72 1368 163 1425 ris,
201 1368 430 1418 videlicet
452 1387 563 1418 cum
584 1387 704 1427 una,
740 1369 820 1417 vel
840 1367 1056 1426 duabus,

73 1439 150 1486 vel
184 1438 333 1487 tribus
366 1441 515 1489 literis
543 1476 560 1498 ,
598 1453 679 1487 aut
714 1436 854 1488 simul
888 1442 1053 1497 nexis,

72 1522 152 1556 aut
177 1507 365 1560 inverso
396 1511 563 1560 ordine
596 1508 907 1579 compositis;
941 1511 1049 1577 qui-

71 1577 154 1627 bus
174 1581 329 1631 literis<
342 1594 424 1628 aut
443 1579 679 1629 artificum
694 1617 714 1643 ,ι
747 1594 830 1628 aut
850 1581 943 1629 loci
966 1579 1050 1628 ubi

70 1650 212 1717 panni
238 1651 307 1698 illi
329 1647 709 1706 fabricabantur,
734 1653 944 1715 aliquam
963 1669 1052 1697 no-

71 1721 228 1767 titiam
255 1718 503 1769 afferrent.
549 1719 691 1773 Unde
709 1719 758 1769 &
786 1720 866 1766 illa
893 1717 1057 1767 cordis.

68 1787 216 1856 figura
236 1825 252 1846 ,
287 1791 336 1841 &
364 1792 464 1838 aliae
482 1826 498 1847 ,
536 1808 636 1856 quae
667 1787 1050 1842 nullamsshabent

68 1861 366 1909 elementaris
392 1861 540 1907 literae
561 1857 765 1908 formam
781 1893 797 1915 ,
838 1871 891 1904 ut
911 1857 1049 1924 supra

68 1930 278 1978 vidimus
295 1966 309 1986 ‚
334 1931 457 1978 cert&
474 1930 593 1977 nihil
610 1927 742 1976 aliud
759 1929 902 1994 quam
920 1924 1058 1994 signa,

68 1997 268 2048 officinae
292 1998 532 2047 artificum
565 1994 653 2048 esse
688 1995 909 2067 possunt:
947 2015 1054 2063 quae

69 2072 215 2119 etiam
234 2068 362 2139 signa
388 2067 599 2120 diversos
621 2067 925 2137 figulinarum
942 2071 1046 2116 Do-

68 2144 222 2189 minos
253 2139 511 2207 antiquitus
541 2138 833 2189 denotabant
860 2174 875 2196 ,
913 2152 966 2186 ut
997 2139 1046 2185 in

67 2214 208 2280 longa
241 2210 447 2279 ipsarum
480 2210 788 2279 figulinarum
816 2206 933 2262 serie
964 2209 1051 2258 ob-.

63 2283 361 2334 servavimus
382 2321 391 2330 .

135 2355 340 2420 Antiqui
371 2355 501 2403 enim
528 2353 767 2409 PictoreS,
803 2353 883 2418 qui
918 2349 1044 2400 scru-

63 2423 231 2493 pulosa
259 2425 397 2473 nimis
428 2423 519 2491 qurli
551 2423 813 2493 pingebant
842 2421 1048 2489 diligen-.

63 2494 161 2554 tia,
197 2491 352 2543 nescio
374 2513 431 2542 an
453 2494 713 2544 ruditatem
741 2491 872 2542 suam
903 2511 1043 2542 exue-

63 2579 199 2622 rent,
237 2582 295 2615 an
317 2580 575 2633 augerent,
613 2563 723 2614 crim
741 2567 934 2633 Figuras
962 2578 1043 2612 aut

66 2654 125 2686 ex
147 2634 329 2705 piciura
346 2673 361 2694 ,
391 2650 472 2683 aut
491 2653 549 2684 ex
569 2634 758 2685 mufivo
776 2653 916 2703 opere
940 2633 1039 2684 effi-

63 2720 252 2764 cerent,
268 2703 455 2756 easdem
476 2721 606 2756 notas
622 2743 637 2765 ,
657 2707 707 2756 &
722 2703 915 2755 eosdem
935 2706 1048 2754 cha-

62 2777 261 2827 rasteres
276 2812 293 2834 ,
331 2795 430 2844 quae
457 2779 504 2825 in
522 2778 797 2846 prototypis
832 2775 1040 2826 vestibus

1122 669 1283 715 lorum
1300 702 1314 723 ,
1354 669 1652 733 aliarumque
1674 671 1951 736 Imaginum
1972 669 2077 718 lunt
2092 709 2107 729 ,

1120 737 1233 784 talia
1253 732 1342 789 effe
1363 738 1562 784 minim&
1593 736 1716 804 posse
1737 773 1753 794 ‚
1790 758 1841 785 ac
1876 740 2107 805 proinde-2

1118 825 1201 854 nos
1218 809 1435 874 graviter
1464 807 1774 854 hallucinari.
1808 808 1996 859 Verum
2016 812 2104 861 hoc

1118 880 1247 944 quod
1267 878 1494 940 objicitur
1513 914 1530 935 ,
1557 880 1635 927 vel
1655 880 1832 929 rationi
1856 876 1923 926 sat
1942 881 2104 930 conso-

1117 965 1233 995 num
1260 984 1275 1005 ,
1313 949 1391 997 vel
1419 946 1587 996 saltem
1615 948 1845 998 credibile
1877 947 2000 999 foret
2020 989 2035 1010 ,
2072 952 2105 1001 fi

1119 1019 1173 1064 iis
1190 1017 1488 1086 temporibus
1503 1054 1520 1076 ,
1549 1019 1721 1086 quibus
1740 1018 1934 1068 Mufiva
1962 1041 2105 1090 opera

1113 1086 1367 1137 fabrefacta
1386 1087 1517 1137 fuere
1534 1124 1550 1145 ,
1580 1089 1826 1138 recidendi
1849 1109 2026 1158 pannos
2056 1096 2104 1141 in

1113 1159 1269 1227 plagas
1288 1195 1304 1216 ,
1332 1160 1382 1209 ἃ
1401 1155 1542 1205 frusta
1563 1195 1579 1216 ,
1596 1178 1647 1206 ac
1669 1158 1844 1209 deinde
1860 1179 1979 1219 acu,
2001 1162 2102 1212 filo·

1111 1247 1202 1294 que
1221 1228 1547 1277 mediantibus
1563 1231 1612 1282 in
1633 1247 1785 1277 unum
1803 1232 1979 1280 iterum
1995 1233 2106 1292 ,sed

1109 1297 1264 1348 formii
1286 1297 1536 1348 diversum
1555 1334 1571 1356 ,
1602 1300 1857 1367 coaptandi
1886 1319 1988 1351 mos
2019 1322 2103 1351 ex-

1110 1365 1310 1428 titiffet,
1347 1371 1419 1417 uti
1439 1370 1609 1418 hodie:
1640 1369 1719 1419 sed
1741 1372 1949 1434 antiquis
1977 1386 2102 1421 tem·

1111 1439 1307 1509 poribus
1327 1439 1529 1508 simplex
1547 1440 1746 1489 vestitus
1773 1454 1901 1499 erat,
1927 1443 1975 1491 δὲ
1995 1446 2101 1491 uni-

1109 1531 1166 1560 co
1188 1512 1338 1579 pallio
1358 1547 1375 1570 ,
1412 1512 1461 1561 &
1483 1510 1648 1559 tunica
1674 1515 1811 1577 (quae
1845 1513 2104 1561 inconsuti-

1108 1584 1173 1632 lia
1193 1579 1328 1631 fuiffe
1351 1580 1615 1645 existimo)
1654 1581 1981 1649 utplurimum
2015 1603 2101 1633 ve-

1108 1667 1227 1698 teres
1265 1653 1427 1697 Patres
1465 1654 1680 1698 contenti
1717 1667 1854 1699 erant
1886 1687 1898 1698 .
1949 1656 2100 1720 Apud

1106 1722 1375 1774 Romame„
1390 1730 1443 1765 ut
1460 1718 1641 1766 Plinius
1659 1718 1800 1768 docet
1825 1719 1931 1772 hist.⁴
1950 1723 2032 1770 lib.
2051 1730 2097 1774 8.

1107 1793 1320 1856 cap.43.,
1338 1787 1620 1854 Tanaquilis
1635 1824 1652 1847 ,
1670 1789 1797 1838 dieta
1814 1793 1963 1840 etiam
1979 1797 2096 1857 Caja

1107 1860 1303 1908 Caecilia
1322 1893 1338 1915 ,
1376 1860 1528 1925 prima
1560 1856 1656 1905 fuit
1684 1878 1786 1926 quae
1812 1863 1990 1911 reeiam
2018 1879 2093 1912 tu·
2148 1875 2153 1877 “

1107 1930 1266 1976 nicam
1307 1929 1465 1976 texuit
1484 1963 1494 1974 .
1528 1930 1678 1992 Hunc
1705 1929 1893 1980 morem
1913 1937 2095 1999 pariter

1105 1997 1233 2068 apud
1258 1999 1491 2047 Hebraeos
1521 1995 1724 2066 viguisse
1758 2004 2005 2069 comperio
2036 2022 2095 2052 ex

1104 2074 1148 2118 S.
1172 2074 1361 2138 Joanne
1395 2068 1729 2136 Evangelista,
1767 2073 1848 2137 qui
1880 2090 1982 2140 cap.
2016 2093 2091 2133 19.

1101 2136 1257 2189 afferit
1276 2176 1292 2198 ,
1333 2140 1534 2188 Domini
1555 2138 1717 2187 Nostri
1736 2144 1860 2208 Jfisu
1890 2148 2094 2193 CHfflsrr

1101 2212 1317 2260 tunicam
1344 2207 1477 2258 fuiffe
1506 2207 1874 2270 inconsutilem,
1903 2232 1956 2262 ac
1980 2233 2091 2263 con-

1099 2296 1282 2333 textam
1304 2299 1386 2350 per
1406 2294 1566 2329 totum
1583 2316 1594 2327 .
1619 2282 1761 2336 Hanc
1783 2297 1944 2331 autem
1964 2303 2087 2351 quae·

1100 2354 1300 2403 stionem
1327 2389 1343 2410 ,
1380 2352 1509 2419 quod
1542 2353 1727 2418 antiqui
1766 2355 1974 2403 Romani
2003 2356 2085 2403 ha-

1102 2425 1295 2474 buerint
1318 2436 1467 2473 textas
1490 2421 1639 2471 vestes
1654 2458 1675 2479 ,
1692 2440 1785 2471 non
1809 2443 1896 2473 acu
1918 2425 2084 2475 consu-

1100 2509 1167 2543 tas
1183 2531 1197 2553 ,
1212 2500 1311 2558 jam
1328 2496 1485 2542 movit
1506 2491 1814 2543 Casaubonus
1832 2496 1890 2544 ad
1908 2499 2082 2545 AElium

1099 2567 1406 2633 Spartianum
1436 2566 1482 2611 in
1515 2566 1765 2612 Antonino
1798 2569 2045 2615 Caracalla
2065 2605 2080 2626 ,

1098 2637 1180 2684 ubi
1217 2639 1308 2684 ait:
1349 2636 1576 2703 Plerasque
1595 2655 1734 2683 omnes
1763 2654 1961 2687 veterum
1993 2658 2078 2687 ‘ve-

1096 2709 1187 2759 Hes
1221 2712 1396 2757 texture}
1411 2707 1555 2775 fhlitm
1587 2710 1737 2774 confici
1754 2709 1915 2775 filitas
1941 2746 1956 2767 ,
1977 2712 2080 2778 fin&

1094 2780 1386 2846 operdfittoris
1400 2779 1490 2826 ulle}
1503 2812 1518 2834 ,
1536 2780 1591 2826 ὼ*
1608 2794 1656 2825 ut
1673 2780 1902 2845 loquuntur
1918 2781 1952 2833 E
1958 2799 2077 2830 ‘van-

63 2867 148 2917 pro
165 2843 464 2896 officinarum
482 2883 498 2905 ,
522 2862 604 2896 aut
619 2846 856 2895 artificum
873 2845 1004 2914 figno
1021 2883 1043 2906 ,‚
1086 2849 1288 2917 gelifz‘ae,
1326 2842 1498 2900 ὖφαυτῦς
1533 2844 1597 2894 eb'e
1628 2845 1716 2894 ὅλου
1735 2885 1747 2896 .
1787 2849 1924 2899 Idem
1959 2871 2072 2901 con-

62 2918 143 2968 seu
162 2917 319 2969 Marco
339 2931 501 2977 erant,
524 2920 570 2965 in
593 2918 730 2987 pistis
746 2919 892 2967 etiam
909 2953 925 2975 ,
955 2931 1039 2965 aut
1095 2916 1253 2967 firmat
1270 2920 1318 2966 in
1335 2918 1577 2968 Exercitat.
1596 2920 1657 2967 ad
1670 2922 1830 2972 Baron.
1844 2932 1918 2970 16.
1940 2940 2071 2969 num.

62 2986 256 3037 musivis
276 2987 482 3038 vestibus
502 2986 840 3042 efformabant:
861 2990 910 3041 ὃ(
929 2988 1038 3036 ideo

63 3056 197 3107 ficuti
215 3060 309 3107 haec
327 3058 454 3127 signa
471 3061 517 3105 in
532 3059 712 3107 laciniis
730 3062 1009 3127 typicarum
1025 3094 1042 3115 ,

1100 3008 1120 3039 1
1137 3007 1211 3049 17.
1229 2989 1389 3038 dicens
1407 3009 1416 3037 :
1436 2989 1576 3038 Hodie
1593 2993 1802 3059 rariffi'me}
1821 2993 1971 3040 vestis
1991 2995 2075 3040 ali-

1094 3077 1176 3129 qua
1205 3059 1537 3130 conficiturstn&
1556 3062 1846 3128 fizrcincztoris
1875 3074 2030 3124 operes»
2057 3084 2072 3121 ;

62 3127 180 3177 idest
212 3131 321 3178 vere
342 3125 634 3199 pannearunn
664 3129 868 3178 vestium
891 3147 1039 3198 appo·
1090 3133 1194 3180 olim
1210 3138 1318 3182 verz)
1329 3131 1625 3197 parandarum
1654 3134 1853 3180 vestium
1875 3129 2070 3198 aliasuit

61 3197 145 3248 sita
172 3210 345 3262 erant,
368 3202 433 3249 ita
464 3202 513 3250 in
532 3197 730 3249 fimbriis
757 3202 1036 3267 pictarum-2
1088 3206 1201 3267 (atio
1219 3238 1236 3261 ,
1270 3219 1457 3267 textores
1490 3205 1606 3249 enlm
1633 3198 1917 3265 abfiil‘vebant
1941 3236 1956 3257 ,
1993 3219 2066 3250 ne-

1993 3279 2066 3337 qm}
