2425 3747
340 284 537 390 {amella
552 335 788 405 pic'Jturata
802 371 818 393 ,
853 332 942 381 ubiv
962 328 1194 397 quadriga
1214 349 1328 380 con-

341 407 537 479 spicitur
550 445 566 467 ,
591 412 724 468 cujus
752 405 860 470 equi
885 418 982 449 non
1002 397 1212 449 abfimili
1246 418 1326 450 or-

341 493 458 530 natu
477 478 662 546 pr-aediti
680 474 815 524 sunt:
856 474 904 519 in
923 468 1132 521 secundo
1159 485 1323 523 autem

339 552 550 601 occurrit
564 549 726 613 auriga
741 579 757 600 ,
785 545 867 609 qui
883 541 1052 592 dextra
1072 560 1323 602 coronam,

342 617 522 670 sinistra
547 620 760 685 palmam
785 612 922 684 supra
949 615 1209 664 humerum
1236 634 1322 683 gc-

342 691 460 747 stat,
488 689 642 737 veluti
670 685 859 749 vi&or;
894 691 992 752 ejus
1019 698 1180 734 tamen
1210 688 1322 752 equi

343 765 392 810 in
418 758 683 808 verticibus
706 758 841 805 nullo
872 757 995 804 lauri
1023 753 1156 825 signo
1184 774 1322 806 exor-

341 843 514 879 nantur
534 867 545 877 .
585 828 735 885 Unde
764 825 836 884 (fi
853 827 1121 891 conjestare
1136 822 1204 876 fas
1219 827 1285 877 est
1302 839 1322 892 )

339 902 553 951 dicerem
569 937 586 959 ,
605 899 794 968 signum
811 898 933 946 illud
952 916 1011 948 ex
1030 898 1230 948 arbitrio
1248 899 1325 946 Pi-

340 973 482 1023 storis
527 970 961 1021 Struthio-Cameli
1006 970 1224 1037 plumam
1255 987 1326 1019 re-

340 1042 489 1101 ferre,
505 1044 801 1110 praecipuum
824 1057 1061 1107 equorum
1083 1054 1327 1099 ornatum,

339 1132 436 1181 quo
451 1116 601 1163 etiam
617 1112 760 1161 hodie
776 1108 987 1179 insigniti
1003 1111 1062 1159 ad
1083 1108 1324 1180 assequen-

342 1186 460 1234 dum
480 1181 703 1233 brabium
724 1184 772 1230 in
788 1182 1195 1252 Hippodromum
1215 1201 1324 1252 pro·

344 1256 590 1305 ducuntur
609 1290 620 1300 .
948 1266 951 1269 ·

352 1351 353 1354 “
425 1324 689 1394 Βίίρυηὲὶὲί
714 1329 815 1389 jam
843 1320 1081 1391 superiori
1111 1323 1325 1374 Tabellae

342 1409 476 1466 parte
491 1432 508 1453 ‚
535 1414 637 1463 quae
662 1395 817 1442 adhuc
837 1392 1044 1462 superest
1060 1429 1076 1451 ,
1105 1414 1158 1443 ac
1181 1395 1327 1445 hodie

340 1464 513 1516 visitur
535 1466 595 1515 ad
610 1466 820 1514 areolam
836 1462 1071 1512 scalarum
1096 1462 1233 1534 supra
1260 1464 1328 1514 fe-

339 1537 545 1586 nestram
560 1573 577 1596 ‚
601 1554 702 1603 quae
732 1537 910 1584 atrium
938 1534 1131 1603 respicit
1152 1538 1323 1586 Palatii

340 1607 461 1657 olim
477 1606 746 1657 Cardinalis
761 1606 820 1656 de
833 1608 1066 1655 Maximis
1080 1643 1097 1664 ‚
1117 1610 1324 1675 antiqui-

340 1692 499 1727 tatum
523 1674 833 1724 amantiffimi
857 1699 873 1737 3
901 1689 1026 1724 nunc
1053 1681 1168 1726 vero
1200 1683 1322 1728 Car-

339 1749 512 1796 dinalis
527 1747 685 1793 Nerlii
697 1780 714 1801 ‚
733 1744 970 1793 sacrarum
990 1746 1323 1796 eruditionum

337 1812 660 1866 studiofiffimi
689 1834 700 1862 ε
741 1815 871 1882 quod
903 1816 1145 1865 Palatium
1181 1816 1326 1866 litum

337 1888 406 1938 est
433 1887 516 1938 Ad
538 1903 714 1954 quatuor
729 1887 884 1932 Fontes
900 1922 915 1938 ,
955 1900 1011 1930 ut
1032 1890 1116 1934 vul
1120 1886 1184 1950 g&
1205 1889 1327 1935 dici-

338 1972 450 2013 tur,
476 1956 804 2022 angulumque
828 1948 1109 2009 constituit,
1146 1954 1238 2018 qua.
1266 1951 1326 2002 ad

337 2027 579 2077 Ther-mas
597 2023 919 2072 Diocletianas
947 2022 1076 2079 itur,
1104 2021 1324 2072 dextror-

338 2095 477 2156 sum3
499 2097 590 2162 qua
618 2090 735 2142 vero
760 2092 820 2142 ad
836 2090 1146 2141 Liberianam
1164 2092 1327 2144 Basili-

339 2184 477 2222 cam,
505 2161 820 2213 sinistrorsum
847 2200 858 2210 .
897 2165 1162 2231 Reliquum
1196 2183 1327 2214 nunc

337 2237 403 2289 est
426 2235 484 2284 ad
501 2232 749 2283 inferiores
766 2234 894 2283 illius
913 2235 1140 2301 reliquias
1157 2254 1325 2305 perge-

339 2328 388 2359 re
405 2347 419 2370 ‚
456 2323 661 2374 quarum
684 2318 876 2354 ornatus
901 2323 961 2354 ex
978 2305 1184 2365 celebri,
1216 2325 1324 2357 eru-

340 2383 538 2446 ditoque
566 2377 782 2426 Cimelio
799 2374 1036 2426 Illustriss.
1061 2380 1122 2426 D.
1140 2379 1326 2446 Equitis

341 2449 508 2503 Caroli
538 2449 747 2496 Antonii
779 2446 808 2497 a
839 2448 991 2496 Puteo
1029 2447 1324 2518 deprompsi-

339 2540 475 2577 mus,
502 2519 581 2566 cui
608 2519 760 2566 multa
784 2534 868 2566 nos
883 2518 1058 2568 debere
1088 2516 1321 2570 fatemur.

440 2590 574 2637 Licet
610 2591 896 2657 Figurarum
936 2591 1173 2658 exiguitas
1209 2627 1225 2649 ‚
1272 2592 1325 2641 &

344 2661 687 2729 AEgyptiorum
704 2656 1050 2726 mysteriorum
1068 2663 1223 2710 icones
1239 2681 1323 2730 po-

341 2728 535 2779 tuissent
552 2747 628 2778 me
657 2728 714 2776 ab
735 2729 905 2777 harum
922 2729 1229 2798 indagatione
1248 2750 1322 2783 re-

343 2818 544 2849 vocare:
573 2797 887 2848 nihilominus
907 2802 963 2849 ne*
980 2801 1096 2867 quid
1118 2804 1323 2852 intenta-

342 2884 449 2921 tum
471 2870 740 2936 relinquam
754 2908 770 2930 ,
792 2871 1054 2920 earundem
1073 2873 1322 2923 enodatio-

344 2958 455 2991 nem
472 2939 723 3010 aggredior
738 2977 753 2998 ,
775 2942 821 2988 in
842 2959 933 3008 qua
951 2960 1026 2991 me
1044 2944 1223 3011 oppido
1244 2950 1319 3008 ju—

344 3014 420 3062 vit
443 3013 715 3079 perspicax,
754 3030 805 3058 ac
833 3010 1185 3064 stadiofiffimus
1215 3017 1320 3074 vir,

346 3081 478 3132 Abas
498 3082 745 3150 Philippus
771 3084 1008 3130 Bonarota
1024 3120 1034 3131 .

416 3153 607 3220 Opinor
629 3154 788 3218 itaque
816 3149 1025 3220 praefatas
1040 3154 1218 3203 ordinis
1243 3157 1318 3203 in-

345 3221 528 3272 ferioris
555 3224 746 3291 Figuras
761 3224 1100 3291 AEgyptiorum
1126 3243 1320 3293 pompas

348 3294 607 3363 importare
631 3329 649 3353 ,
687 3311 829 3342 unam
867 3296 1103 3364 praeciput}
1135 3313 1193 3345 ex
1225 3297 1320 3346 illis

758 259 1193 316 VETERA
1264 259 1965 317 MONIMENTA

1380 331 1578 393 decem,
1606 353 1708 402 quae
1728 338 1971 404 pertinent
1999 334 2058 384 ad
2087 336 2362 391 honorem-³

1379 420 1549 452 eorum
1565 442 1583 464 ,
1621 406 1704 472 qui
1737 406 1868 474 apud
1894 407 2001 455 illos
2034 424 2121 475 pro
2148 411 2254 459 Diis
2282 413 2364 460 ha·-

1379 472 1553 523 bentur
1566 512 1583 534 ‚
1602 495 1653 524 ac
1671 478 2007 545 AEgyptiacam
2026 481 2275 530 continent
2289 500 2362 531 re-

1378 545 1610 611 ligionem
1633 583 1649 604 ,
1685 560 1740 594 ut
1777 546 1942 597 scribit
1982 551 2210 600 Clemens
2243 554 2366 603 Ale·-

1376 615 1634 665 xandrinus
1663 620 1888 667 Stromat.
1906 617 1991 667 lib.
2009 630 2058 670 6.

1445 690 1503 735 In
1535 686 1659 737 hisce
1687 691 1879 757 pompis
1910 693 2002 747 (ut
2018 693 2230 760 AEgypto
2259 710 2365 742 mos

1375 767 1516 821 erat)
1553 761 1919 827 quamplurimae
1944 763 2164 811 Deorum
2187 764 2366 832 imagi-

1378 845 1457 877 nes
1498 829 1962 880 circumferebantur
1988 866 2006 888 ,
2052 831 2231 882 add-itis
2261 835 2368 883 aliis

1381 899 1598 968 mysticis
1616 898 1755 969 fignis
1771 938 1787 961 ,
1814 921 1914 970 quae
1944 901 2222 952 Sacerdotes
2247 922 2366 971 prae-

1379 969 1560 1020 ferrent
1583 994 1597 1033 ;
1630 973 1680 1021 δε
1707 971 1878 1039 quibus
1905 973 2060 1021 veluti
2087 974 2368 1042 Hierogly-

1379 1043 1561 1111 phicis,
1599 1040 1799 1100 seriem,
1829 1042 2171 1112 historiamque
2198 1062 2368 1094 earum

1379 1131 1542 1163 rerum
1580 1116 1911 1182 exprimerent
1937 1150 1953 1171 ,
1989 1131 2092 1180 quae
2129 1113 2222 1164 suis
2259 1117 2369 1164 Diis

1379 1180 1679 1234 accidissent:
1717 1199 2067 1253 proptereaque
2095 1186 2367 1235 eorundem

1379 1255 1503 1325 gesta
1524 1273 1607 1322 per
1625 1257 1706 1304 illa
1724 1254 1956 1322 mysteria
1978 1253 2026 1304 se
2048 1257 2232 1303 imitari
2254 1273 2369 1306 con-

1380 1325 1673 1391 tendebant5
1706 1339 1760 1374 ut
1782 1327 1949 1376 videre
1977 1324 2044 1374 est
2070 1327 2119 1375 in
2143 1328 2367 1376 Diodoro

1383 1398 1543 1447 Siculo
1583 1394 1666 1445 lib.
1704 1417 1745 1444 1.
1787 1400 1839 1449 ὃς
1879 1400 1928 1445 in
1961 1399 2175 1464 Apulejo
2209 1401 2372 1448 Meta-

1383 1468 1574 1536 morph.
1595 1467 1680 1515 lib.
1703 1484 1748 1528 5.

1452 1538 1603 1607 Qod
1621 1537 1757 1588 Ifidis
1781 1536 2073 1605 mysterium
2101 1535 2169 1584 ibi
2197 1555 2369 1605 reprae-

1378 1609 1590 1659 sentetur
1604 1645 1620 1666 ,
1649 1606 1913 1677 probamus
1941 1625 2000 1657 ex
2018 1606 2142 1654 Tab.
2160 1611 2367 1658 XXIII.

1376 1698 1455 1728 nu.
1477 1700 1517 1728 1.
1548 1679 1631 1727 ubi
1653 1677 1735 1729 Ifis
1753 1681 1952 1728 Horum
1972 1694 2207 1745 puerum,
2223 1695 2369 1744 quem

1378 1769 1438 1799 ex
1466 1749 1674 1806 incestu,
1702 1750 1752 1799 ὃ(
1781 1748 2022 1798 adulterIO
2056 1766 2117 1798 ex
2148 1747 2371 1798 Osiride,

1380 1818 1527 1871 fratre
1553 1817 1821 1888 susceperat
1843 1857 1860 1879 ,
1898 1836 2139 1887 quemque
2167 1824 2266 1884 ejus
2295 1822 2372 1867 vit

1380 1891 1601 1951 Typhon
1621 1893 1671 1937 in
1689 1894 1819 1956 aquis
1840 1888 2103 1946 merserat,
2124 1903 2372 1956 repertum

1380 1968 1489 2003 ante
1518 1951 1764 2003 Ofiridem
1789 1959 1981 2012 statuit,
2019 1959 2103 2021 qui
2130 1959 2372 2025 accipitris

1380 2028 1460 2082 (ut
1480 2034 1626 2093 puto)
1647 2025 1902 2093 AEthiopici
1936 2027 2092 2092 capite
2119 2024 2372 2095 insignitus

1379 2095 1444 2145 est
1475 2132 1492 2154 ‚
1530 2093 1650 2144 ficut
1677 2095 1813 2144 vides
1845 2093 1931 2142 sub
1965 2113 2100 2143 num.
2133 2115 2179 2143 2.
2218 2097 2371 2148 Osiris

1378 2168 1510 2216 enim
1529 2183 1588 2215 ex
1604 2167 1946 2235 AEgyptiorum
1970 2164 2206 2216 sententia
2236 2168 2370 2218 idem

1380 2239 1729 2305 interpretatur
1756 2256 1810 2285 ac
1833 2238 2161 2296 multoculus‚
2191 2239 2370 2289 videli-

1379 2322 1456 2358 cet
1472 2309 1584 2369 8013
1612 2309 1664 2358 &
1687 2309 1766 2357 Sol
1788 2308 1850 2356 ob
1871 2308 2128 2356 oculorum
2149 2309 2368 2376 praestan-

1378 2381 1499 2427 tiam
1518 2413 1535 2438 ,
1570 2380 1622 2429 &
1653 2380 1757 2427 vim
1788 2378 1848 2427 ad
1877 2377 1924 2427 se
1955 2379 2226 2428 attrahendi
2254 2416 2271 2436 ,
2308 2379 2368 2429 ab

1377 2449 1557 2501 eisdem
1586 2449 1823 2517 AEgyptiis
1852 2446 2101 2518 effingitur
2124 2447 2211 2497 sub
2241 2452 2365 2499 acci-

1378 2523 1516 2592 pitris
1527 2517 1681 2568 forma
1694 2556 1711 2577 ,
1729 2532 1956 2587 tanquam
1976 2519 2243 2569 acutiffima
2263 2523 2365 2570 acie

1378 2591 1594 2663 praediti,
1623 2610 1676 2638 ac
1706 2590 1985 2640 devorantis
2003 2628 2014 2638 .
2055 2592 2221 2640 Horus
2246 2608 2364 2660 ergo

1377 2660 1592 2712 Mundus
1619 2660 1686 2710 est
1703 2697 1720 2718 ,
1757 2664 1886 2710 ortui
1907 2663 1958 2712 &
1979 2663 2196 2711 interitui
2214 2659 2366 2710 obno-

1376 2735 1482 2781 xius
1501 2768 1516 2790 ,
1548 2737 1680 2796 c-ujus
1705 2746 1860 2782 mater
1889 2730 1973 2781 Isis
1990 2769 2007 2790 ,
2044 2731 2164 2781 idest
2194 2733 2364 2789 Luna,

1376 2807 1424 2852 in
1440 2818 1558 2869 aqua
1575 2816 1820 2871 repertum
1839 2800 1995 2851 filium
2009 2804 2120 2852 vitae
2138 2801 2368 2858 restituit,'

1375 2893 1427 2925 ac
1456 2875 1786 2923 immortalem
1814 2873 2055 2922 reddidit.
2082 2871 2362 2923 Generandi

1372 2945 1547 3012 quippe
1568 2963 1697 3012 aquae
1728 2946 1830 3003 Vis,
1864 2946 1914 2995 ὃς
1943 2946 2079 2993 Luna
2109 2943 2359 2993 Mundum

1371 3033 1453 3085 per
1480 3017 1634 3064 varias
1654 3052 1670 3072 ,
1709 3017 1760 3066 &
1790 3034 1940 3065 novas
1976 3012 2327 3065 viciffitudines
2342 3048 2359 3069 ,

1371 3084 1500 3154 quasi
1518 3087 1844 3138 immortalem
1862 3084 2046 3135 faciunt
2063 3121 2073 3130 .
2112 3085 2263 3134 Reste
2282 3099 2358 3133 ετ·

1369 3175 1432 3226 go
1449 3154 1631 3207 Ofiridi
1654 3176 1774 3225 puer
1801 3157 2082 3213 exhibetur,
2114 3153 2227 3203 cum
2252 3170 2358 3202 eam

1371 3229 1477 3276 vim
1495 3229 1627 3275 Luna
1654 3231 1677 3277 a
1696 3230 1804 3277 Sole
1820 3228 2107 3295 participet3
2142 3240 2284 3293 atque
2303 3223 2359 3270 il-

1376 3299 1418 3348 le
1439 3295 1522 3348 sub
1541 3298 1666 3350 veste
1682 3316 1848 3348 manus
1874 3294 2125 3346 abscondit
2144 3333 2161 3356 ,
2199 3309 2253 3344 ut
2276 3309 2355 3409 οἳ·

2253 3380 2312 3413 cu
2333 3387 2356 3398 -
