2425 3747
346 261 373 288 Ο

304 259 616 374 ἕητὶᾳυοωω
633 304 770 353 dictis
784 340 800 361 ,
822 297 1054 370 gestisque
1068 333 1086 355 ,
1102 297 1163 346 de
1178 299 1284 363 qui-

302 375 502 428 busdam
540 379 813 424 Statuarum
838 407 854 429 ,
892 370 1285 434 Pisturarumque

302 447 467 498 formis
487 484 504 505 ,
537 448 587 496 ὃ(
606 443 763 511 figuris
778 478 794 499 ,
826 441 884 488 de
907 440 1177 488 multorum
1197 455 1286 484 nu-

301 518 585 568 mismatum
612 514 731 561 facie
749 547 766 569 ,
795 509 1171 567 charaeteribus,
1202 525 1285 556 ve-

301 588 475 637 tustate
504 621 521 643 ,
558 601 610 631 ac
640 582 850 652 genuino
879 580 1286 648 interpretationis

301 655 457 713 sensu,
473 657 498 703 a
513 652 754 701 nonnullis
769 653 1046 701 recentioris
1060 652 1149 699 'aevi
1167 651 1288 697 Scri-

302 724 521 798 ptoribus
552 721 791 788 judicium
823 721 973 772 fuerit
1001 720 1285 791 pronuncian

299 812 409 846 tum
427 804 444 842 ?

403 864 562 915 Facile
587 881 666 913 me
691 858 1024 932 persuasurum
1045 858 1134 911 effe
1159 857 1287 909 arbi-

301 950 404 985 tror
418 971 435 994 ,
460 932 617 984 fatum
632 936 723 983 hoc
738 927 983 1000 contigisse
1001 928 1289 999 quibusdam

302 1004 646 1056 vetustioribus
677 1000 755 1052 hic
780 1006 949 1052 Romae
981 1000 1291 1053 existentibus

299 1074 510 1129 Mufivis
525 1074 749 1144 operibus
763 1110 780 1132 ,
795 1075 843 1122 in
863 1072 1033 1141 quibus
1051 1073 1290 1123 nonnullae

299 1145 526 1196 visuntur
547 1147 817 1215 Imagines,
843 1163 945 1212 quae
973 1147 1022 1193 in
1043 1142 1289 1195 vestium„

297 1215 530 1275 fimbriis,
556 1213 636 1266 seu
656 1217 840 1266 laciniis
869 1214 1046 1265 habent
1066 1230 1120 1265 ut
1139 1216 1290 1284 pluri-

299 1286 439 1337 mum
468 1290 661 1338 literam
694 1289 748 1334 L.
790 1286 1046 1353 aliquando
1082 1289 1151 1337 H.
1182 1286 1290 1334 raro

299 1372 466 1408 autem
486 1360 536 1407 P.
558 1360 610 1409 &
625 1362 664 1407 Ι.
683 1355 782 1407 five
797 1358 1048 1407 nonnullas
1072 1358 1186 1406 alias
1205 1375 1290 1407 no-

299 1441 369 1477 tas
385 1433 405 1487 ',
440 1441 522 1476 aut
551 1429 877 1490 charaeteres3
913 1426 949 1476 fi
983 1429 1139 1496 aliqua
1166 1426 1293 1496 prius

301 1513 632 1568 praenotavero
661 1499 719 1549 de
744 1497 937 1548 istarum
966 1500 1260 1549 literarum-³
1277 1533 1293 1557 ,

301 1570 633 1619 charasterum
652 1605 671 1628 ,
706 1583 788 1618 aut
814 1582 1038 1619 notarum
1064 1572 1262 1619 nomi-ne
1275 1604 1292 1628 ,

300 1639 361 1688 de
380 1642 588 1706 antiquo.
610 1658 745 1689 more
764 1638 976 1707 fignandi
994 1676 1010 1699 ,
1045 1639 1295 1708 pingendi-

296 1724 391 1772 que
412 1707 713 1773 pretiofiores
731 1709 880 1749 vestes
898 1710 1025 1768 apud
1041 1711 1294 1757 Gentiles,

296 1778 350 1827 ὃ(
369 1794 427 1824 an
446 1773 504 1823 ab
522 1774 617 1821 illis
642 1772 702 1820 ad
723 1765 1018 1821 Christianos
1044 1788 1149 1819 mos
1180 1768 1295 1820 iste:
1352 1806 1362 1808 „

297 1844 562 1896 defluxerit
575 1879 591 1901 ‚
606 1845 657 1894 &
674 1842 942 1890 multorum
958 1838 1098 1909 super
1117 1840 1210 1890 hoc
1225 1857 1295 1890 re-

299 1917 579 1968 centiorum
600 1915 757 1963 varias
781 1913 1033 1978 opiniones
1051 1932 1068 1971 3
1105 1928 1293 1960 meam-

300 2004 395 2055 que
414 1985 621 2050 denique
636 1979 965 2052 probabilibus
979 1981 1265 2047 conjecturis
1276 2015 1294 2038 ‚

300 2070 446 2122 atque
463 2055 756 2123 argumentis
781 2049 1001 2099 fulcitam
1017 2087 1034 2109 ,
1065 2052 1294 2120 prudenti

302 2127 568 2176 Le<ftorum
605 2124 787 2190 judicio
816 2119 1105 2172 sententiam
1144 2138 1293 2192 expo-

301 2195 443 2247 suero
467 2231 479 2244 .

403 2269 463 2316 Et
485 2262 699 2335 priQO
731 2262 891 2331 quoad
909 2278 1085 2312 nomen
1101 2298 1120 2321 ‚
1156 2280 1294 2312 non..

302 2356 401 2386 uno
421 2338 569 2387 modo
587 2339 613 2386 εὶ
630 2335 911 2384 recentioris
929 2335 1021 2383 aevi
1036 2335 1294 2402 Scriptori-

304 2408 391 2458 bus
416 2409 483 2457 hae
515 2409 712 2456 literatae
732 2403 917 2463 vestes,
954 2402 1037 2454 seu
1056 2402 1215 2472 potius
1241 2405 1292 2452 hi

305 2477 516 2527 vestium
544 2475 867 2535 charasteres,
903 2476 954 2526 &
984 2489 1108 2525 notae
1138 2477 1294 2525 nomi-

313 2569 368 2597 na
377 2563 489 2597 ntur
505 2585 516 2596 .

410 2618 674 2686 Aringhius
710 2634 786 2665 eas
823 2614 1027 2684 Symbola
1054 2616 1296 2683 appellat3

310 2688 546 2737 Suarefius
561 2692 763 2739 [iteratas
776 2689 1146 2744 VestesMam-us
1163 2686 1294 2737 Gam-

309 2760 477 2808 madias
495 2794 509 2815 ‚
545 2762 627 2808 alii
648 2759 869 2827 Tffras,
896 2775 986 2825 ego
1017 2757 1135 2805 vero
1160 2757 1292 2806 dixe-

311 2831 406 2877 rim
436 2828 816 2898 Monogrammata
835 2863 852 2886 ,
887 2826 950 2876 fic
975 2845 1050 2876 eas
1076 2827 1295 2891 denomi-

310 2898 487 2947 nandas
519 2899 790 2948 existimans
826 2901 852 2947 a
882 2899 1058 2947 Graecis
1092 2897 1293 2946 vocibus

311 2967 355 3019 ’τό
383 2969 541 3035 μόνον,
572 2968 644 3034 »1981
673 2968 715 3016 τὲ
743 2965 960 3036 γερῖμμρι,
987 2986 1087 3034 quae
1108 2970 1296 3016 unicam

311 3043 505 3090 literam
530 3040 762 3091 denotant
781 3076 791 3086 .
832 3042 939 3088 Scio
962 3038 1298 3109 Monogramma

310 3114 339 3161 ὲ
354 3111 673 3179 Scriptoribus
695 3110 847 3177 accipi
875 3127 959 3178 pro
980 3110 1220 3159 nonnullis
1237 3111 1297 3159 li-

311 3184 424 3232 teris
452 3184 578 3235 inter
609 3181 654 3232 se
676 3184 740 3229 ita
759 3178 1027 3249 dispositi-5,
1056 3177 1154 3228 five
1185 3198 1298 3229 con-

312 3254 530 3314 textis‚ut
543 3258 592 3305 in
605 3251 894 3323 compendio
911 3251 1108 3314 alicujus
1121 3267 1299 3302 nomen

725 227 1147 286 VETERA
1218 222 1919 279 MONIMENTA

1338 296 1568 345 denotent
1601 333 1611 344 .
1662 296 1920 346 Rhabanus
1954 295 2155 342 Maurus
2191 293 2322 343 Abas

1338 364 1580 415 Fuldenfis
1592 366 1650 416 de
1664 366 1930 417 Inventione
1941 366 2187 433 linguarum
2201 377 2319 412 tom.

1336 446 1387 485 6.
1426 432 1488 482 fic
1523 436 1857 506 Monogramma
1884 433 2136 485 describit:
2168 433 2324 485 Literae

1338 510 1454 556 enim
1472 510 2026 576 m0110g1·ammaefiriptae
2041 506 2262 554 nonnullis
2275 508 2324 553 in

1341 580 1447 628 locis
1465 579 1762 627 inveniuntur
1774 613 1790 634 ,
1826 578 1902 627 ubi
1925 576 2102 643 piHura
2121 593 2212 624 cum
2232 594 2324 625 mu«

1328 650 1403 717 seo
1432 651 1482 695 in
1508 652 1678 712 pariete
1712 653 1950 716 imaginis,
1986 663 2061 695 aut
2091 651 2141 696 in
2170 646 2292 695 velis
2312 680 2329 702 ,

1340 720 1426 768 ‘vel
1439 716 1600 766 alicubi
1615 721 1745 768 aliter
1749 717 1881 786 [αἱῖα
1884 716 2032 784 fuerit
2048 752 2059 762 .
2098 716 2172 766 Ibi
2189 733 2330 764 eorum

1342 792 1516 837 nomina
1528 806 1619 837 cum
1633 793 1829 858 congerie
1846 792 2070 838 literarum
2089 805 2218 836 unum
2233 787 2330 835 cha-

1342 858 1548 910 rafferem
1562 858 2170 927 Pistoresfhceresblitifitnt
2181 891 2197 914 ,
2223 854 2344 924 quod

1341 933 1716 998 Monogramma
1751 931 1916 981 dicitur
1934 963 1946 974 .
1984 928 2046 975 Et
2078 924 2335 974 Primafius

1342 997 1598 1051 Africanus
1614 999 1878 1069 Episcopus
1890 1035 1907 1057 ,
1922 1000 1968 1046 S.
1985 994 2245 1066 Augustini
2260 995 2332 1044 di-

1341 1070 1551 1139 scipulus
1564 1106 1582 1129 ,
1598 1073 1646 1119 in
1663 1066 2011 1139 Apocal.lib.4.
2027 1087 2069 1118 c.
2082 1088 2099 1118 1
2114 1083 2158 1126 3.
2174 1065 2234 1116 de
2250 1083 2335 1115 no·

1342 1140 1392 1192 td
1412 1139 1584 1190 Labari
1604 1138 1667 1190 fic
1688 1140 1828 1192 aitzIn
1848 1144 2333 1208 Monogramma,quae

1343 1220 1392 1266 in
1410 1213 1523 1263 hunc
1544 1213 1711 1262 modum
1716 1215 1809 1282 fit,
1824 1214 2114 1279 exprimitur,
2130 1207 2206 1258 ubi
2224 1227 2333 1256 com-

1335 1284 1497 1354 pendio
1510 1300 1646 1334 totum
1660 1285 1840 1337 Christi
1856 1299 2006 1333 nomen
2023 1280 2266 1330 includitur
2289 1313 2300 1324 .

1451 1356 1571 1405 Haec
1607 1354 1668 1404 de
1704 1356 1840 1404 varia
1883 1349 2212 1417 hujuscemodi
2249 1364 2338 1397 ve-

1347 1424 1492 1475 stium
1512 1424 1639 1494 apud
1656 1425 1897 1475 Auetores
1915 1422 2241 1493 appellatione
2260 1417 2341 1468 de·-

1347 1492 1509 1545 libaffe
1541 1493 1599 1544 fit
1628 1493 1766 1545 satis:
1804 1493 1996 1545 uberius
2019 1492 2169 1541 modo
2203 1489 2263 1539 de
2286 1490 2342 1536 il-

1348 1568 1508 1615 larum
1535 1565 1663 1635 apud
1698 1567 1880 1616 Gentes
1909 1564 2095 1632 origine
2123 1597 2139 1619 ,
2174 1561 2226 1611 &
2254 1557 2342 1606 usu

1348 1655 1409 1687 ex
1428 1634 1748 1705 probatorum
1765 1635 2043 1686 Austorum
2060 1629 2344 1681 testimoniis

1347 1726 1369 1751 3
1411 1725 1574 1754 ΕῘΥΠΙΞ-

1375 1725 1409 1767 g
1444 1765 1701 1834 Postquam
1726 1787 1849 1819 vana
1875 1770 2160 1820 mortalium
2194 1769 2346 1820 ambi-

1348 1838 1419 1888 tio
1451 1841 1478 1888 ἒι
1498 1837 1784 1889 neceffitatis
1814 1838 1902 1890 usu
1927 1840 1988 1890 ad
2013 1837 2243 1908 superbiae
2272 1839 2344 1888 fa-

1347 1906 1508 1967 stum,
1543 1910 1595 1959 &
1631 1907 1770 1959 luxfis
1802 1912 2195 1970 irritamentum,
2231 1908 2344 1960 fim-

1347 1976 1556 2047 plicibus
1576 1978 1786 2030 vestibus
1801 2017 1817 2040 ,
1853 1982 1905 2032 &
1922 1976 2181 2031 necessariis
2202 1980 2344 2030 indu-

1347 2051 1526 2099 mentis
1549 2047 1692 2100 abusa
1716 2048 1812 2099 fuit
1826 2073 1843 2112 ;
1867 2064 2000 2099 tanta
2018 2051 2067 2098 in
2086 2048 2343 2101 vestimen·

1346 2121 1408 2169 tis
1435 2121 1692 2169 hominum
1719 2123 1957 2179 varietas,
1989 2138 2044 2170 ac
2072 2118 2344 2190 discrepan-

1346 2192 1413 2240 tia
1431 2204 1619 2260 reperta
1639 2190 1736 2250 est,
1763 2206 1818 2240 ut
1838 2191 1901 2241 ob
1918 2193 2038 2241 hanc
2065 2208 2161 2241 non
2186 2190 2343 2242 solum

1347 2264 1486 2311 unius
1506 2263 1740 2330 Regionis
1768 2263 1935 2312 incolae
1964 2259 2022 2310 ab
2046 2262 2242 2312 alterius
2269 2265 2341 2311 in-

1345 2334 1463 2381 colis
1483 2332 1909 2394 discriminentur3
1944 2329 2027 2382 secl
2056 2333 2108 2382 &
2125 2330 2343 2383 diversus

1345 2403 1561 2467 ejusdem
1581 2404 1842 2472 Regionis,
1861 2403 2126 2452 Provinciae
2140 2439 2157 2461 ‚
2179 2422 2232 2452 ac
2252 2404 2338 2454 Ci-

1345 2476 1513 2523 vitatis
1530 2474 1788 2522 hominum
1805 2472 1950 2522 status
1963 2509 1980 2532 ,
1995 2473 2046 2525 &
2059 2470 2237 2524 Officia
2251 2509 2268 2531 ‚
2286 2475 2339 2524 &

1347 2546 1541 2614 Religio
1563 2561 1648 2612 per
1668 2544 1788 2594 hanc
1806 2541 2015 2593 vestium
2036 2545 2342 2603 varietatem,

1348 2635 1402 2665 ac
1429 2614 1637 2664 diversas
1667 2627 1803 2665 notas
1829 2613 2199 2684 dignoscantur.
2237 2619 2341 2665 Ve-

1346 2698 1618 2736 rumtamen
1646 2682 1757 2733 cum
1782 2683 1919 2735 nobis
1953 2683 2254 2754 propositum
2281 2683 2343 2733 fit

1347 2760 1396 2806 in
1416 2756 1503 2804 hac
1522 2753 1881 2823 Disceptatione
1902 2755 2122 2807 disserere
2148 2751 2339 2805 tantum

1347 2828 1405 2877 de
1426 2824 1803 2895 Monogrammase
1821 2863 1837 2886 ,
1862 2829 1914 2879 &
1935 2828 2040 2877 aliis
2057 2826 2339 2877 charasteri-

1348 2897 1433 2946 bus
1450 2898 1498 2943 in
1514 2899 1697 2946 laciniis
1719 2896 1926 2948 vestium
1943 2898 2139 2967 appingi
2157 2895 2336 2954 solitis,

1351 2968 1618 3037 pleniorem
1649 2968 1708 3018 de
1742 2970 2053 3036 antiquorum
2087 2965 2338 3018 vestium,

1349 3038 1582 3087 varietate
1595 3074 1611 3096 ‚
1628 3034 1783 3088 formt'i
1796 3077 1813 3098 ,
1836 3041 1888 3090 ὅτ,
1906 3035 2200 3108 pretiositate
2217 3038 2341 3089 Tra·

1349 3108 1532 3159 &atum
1544 3144 1560 3166 ,
1575 3109 1823 3179 agentibus
1837 3112 1908 3162 De
1920 3131 1967 3161 re
1985 3111 2212 3161 ‘vestiaria
2222 3146 2239 3169 ,
2254 3120 2339 3159 aut

1351 3179 1410 3229 de
1436 3178 1647 3230 vestibus
1683 3184 1993 3250 antiquorum
2025 3183 2074 3230 in
2101 3198 2339 3251 genere„

1351 3247 1661 3302 scribendum
1679 3255 2002 3323 relinquemus
2017 3288 2030 3301 .
2266 3321 2304 3370 Ε

2306 3336 2338 3367 X
