2425 3747
236 358 569 441 dearnus
595 423 614 452 ‚
655 358 873 473 queis
907 357 1613 444 Excellentiffimae
1651 363 2007 471 AlfssANAE
2034 363 2247 447 Gen„

238 511 339 593 tis
403 509 699 590 decora
761 507 1015 618 tnagis
1080 505 1490 619 magisque
1552 532 1992 621 augeantur
2040 577 2062 605 ‚
2150 515 2238 601 &-

236 696 561 760 omnes³
606 657 897 780 quibus
939 661 1448 749 difficillimis
1480 666 1691 750 hisce
1737 669 2242 782 temporibus

237 831 520 912 datum
580 827 688 908 est
740 825 1060 921 Vivere,
1131 825 1587 938 Principem
1652 831 1741 918 δί
1804 830 2243 950 virtutibus

237 985 820 1074 ornatiffimum
850 987 1225 1073 admirari
1249 1054 1270 1082 ,
1312 987 1401 1073 ὃζ
1447 984 2247 1077 beneficentiffi-mum

239 1149 594 1261 experiri
634 1170 932 1261 queant
957 1211 975 1229 .
1039 1154 1502 1263 Utrumque
1546 1147 1748 1231 mihi
1782 1151 2042 1236 fateor
2076 1185 2250 1237 eve-

235 1305 427 1391 niffe
447 1378 467 1409 ‚
496 1310 608 1393 ita
636 1308 971 1423 quidem
996 1320 1097 1391 'ut
1127 1310 1217 1396 δε
1258 1311 1481 1393 Tuas
1513 1308 1794 1394 laudes
1832 1343 2246 1429 nunquam

238 1493 503 1554 tacere
547 1467 831 1583 poffim
873 1535 893 1564 ‚
955 1469 1045 1556 &
1102 1448 1595 1557 liberalitate
1659 1472 1848 1558 Tua
1884 1473 2034 1557 fim
2088 1505 2253 1558 rna-

235 1629 659 1744 Ximopere
693 1632 1122 1720 devinctus
1150 1698 1164 1713 .
1193 1632 1410 1730 Quae
1451 1635 1671 1717 enim
1706 1635 1791 1718 in
1833 1666 1963 1718 me
2005 1633 2253 1719 abun-2

237 1790 337 1874 cle
387 1792 796 1875 contulisti
838 1790 1278 1889 beneficia,
1306 1795 1391 1879 id
1441 1792 1968 1895 efficiunt‚ut
2000 1797 2258 1879 muni-

236 1950 650 2036 ficentiam
681 1956 952 2038 Tuam
991 1952 1371 2038 omnibus
1418 1957 1898 2068 praedicem,
1962 1958 2052 2042 δε
2092 1989 2255 2042 maa

238 2114 792 2227 gnanimitatis
834 2117 1043 2199 Tuae
1088 2118 1461 2201 encomia
1504 2118 1757 2204 Velim
1793 2116 1967 2201 fieri
2014 2118 2263 2208 mani·-

221 2272 480 2365 ·festa;
541 2274 734 2359 licet
792 2274 954 2359 hoc
997 2279 1088 2360 iis
1148 2307 1317 2362 non
1377 2277 1474 2364 fit
1524 2308 1774 2393 opus,
1840 2309 2018 2392 quae
2078 2278 2259 2361 luce

242 2434 583 2520 clariora
624 2435 1017 2523 univerfis
1058 2459 1372 2552 patent.
1440 2444 1881 2525 Noverunt
1921 2441 2202 2551 Reges
2239 2504 2258 2531 ,

245 2596 333 2681 ὃζ
368 2595 774 2709 Principes
799 2663 819 2690 ‚
873 2599 1073 2681 item
1104 2599 1410 2693 Urbes,
1452 2597 2036 2686 Univerlitates
2063 2665 2084 2693 ‚
2121 2602 2262 2682 So·-

246 2755 527 2842 dalitia
554 2821 574 2848 ‚
605 2758 695 2846 &
724 2758 1187 2874 quicunque
1217 2760 1346 2846 vel
1395 2790 1515 2842 res
1564 2758 1764 2844 Tibi
1802 2760 1971 2845 suas
2007 2761 2263 2843 credi-

249 2915 544 2999 derunt
589 2920 982 3005 curandas
1009 2986 1030 3015 ,
1067 2919 1201 3006 vel
1253 2951 1298 3004 a
1344 2923 1469 3006 Te
1517 2924 1843 3035 protegi
1887 2923 2261 3005 certatim

249 3099 644 3190 exoptant
698 3142 721 3173 ‚
781 3079 871 3167 &
915 3079 1284 3165 ambiunt
1334 3148 1351 3165 .
1425 3077 1707 3165 Multo
1755 3077 1952 3168 vero
1996 3080 2262 3164 minus

2022 3244 2254 3326 Sum-
