2425 3747
270 267 376 308 266

261 347 342 397 pra
363 364 379 386 ,
408 329 454 377 in
476 327 792 379 Caerimoniali
817 328 1058 378 Benedicti
1078 330 1235 375 Cano-

259 401 355 446 nici
375 401 465 467 legi
487 420 497 448 :
520 405 660 462 juxta
684 399 849 446 domum
878 397 1041 463 Orphei
1066 411 1238 462 propter

260 469 540 537 Bafiliscum,
577 472 649 533 qni
676 484 775 516 tunc
808 474 1006 531 temporis
1034 465 1236 516 latitabat

258 539 325 588 ibi
352 544 399 588 in
421 554 640 596 caverna3
661 536 718 585 de
738 539 825 584 hoc
848 539 960 587 vide
979 537 1236 585 Bibliothe-

262 610 444 658 carium
463 609 508 653 'm
529 607 696 658 Leonis
715 611 805 657 IV.
826 610 939 657 Vita
958 644 968 654 .
999 608 1127 656 Hinc
1146 625 1232 673 ego

262 679 462 741 conjicio
488 711 503 733 ,
540 678 589 725 in
618 676 710 723 illis
732 679 913 744 magnis
939 693 1233 727 concamerav

260 745 498 803 tionibus,
532 743 610 793 seu
641 750 853 795 cavernis
891 744 1235 803 subterraneis,

260 814 569 865 cadaveribus
603 817 822 884 repletis,
859 818 976 865 olim
1007 812 1235 864 forsitan„

260 883 533 935 Baliliscum
564 883 793 946 latitaffe3
831 887 954 935 unde
983 884 1234 954 proceffio-

263 973 344 1004 nes
372 954 665 1024 cogebantur
694 953 751 1002 ab
779 957 946 1005 eadem
978 958 1056 1004 via
1084 956 1231 1006 defle-

262 1027 420 1085 ctere,
451 1027 501 1077 &
533 1026 676 1073 aliam
709 1038 893 1085 tenere,
923 1024 1103 1075 scilicet
1129 1031 1234 1088 jux..

262 1110 309 1143 ta
337 1092 592 1145 Ecclesiam
628 1095 799 1147 Santstae
817 1097 971 1145 Luciae
1005 1098 1049 1143 in
1068 1098 1236 1164 Silice,

261 1182 361 1232 quae
397 1167 540 1214 etiarn
569 1166 614 1211 in
646 1166 838 1233 Orphea
870 1166 1144 1226 dicebatur,
1183 1194 1235 1224 30

262 1236 371 1283 huic
389 1235 492 1284 loco
513 1247 612 1282 erat
627 1238 842 1302 proxima
862 1272 872 1282 .
893 1237 984 1285 Sed
1007 1241 1130 1288 unde
1146 1240 1236 1293 dis-

263 1300 451 1353 cesserat
464 1340 481 1362 ,
505 1305 658 1352 oratio
675 1319 946 1356 revertatur
961 1343 972 1355 .

335 1376 426 1430 His
445 1374 782 1442 praesuppositis
796 1411 811 1432 ,
836 1376 883 1422 in
901 1377 1069 1425 eodem
1090 1382 1235 1430 etiam

263 1446 372 1494 loco
391 1444 558 1492 domus
577 1445 784 1511 Orphei,
813 1462 1004 1493 murum
1027 1462 1234 1499 terreum

262 1509 393 1564 fuisse
414 1549 429 1571 ,
463 1515 632 1576 conjici
660 1512 794 1562 fac-ile
816 1516 964 1579 potest
981 1551 991 1561 .
1025 1520 1237 1568 Conclu-

265 1584 476 1635 dendum
497 1597 743 1652 propterea
766 1582 852 1634 effe
871 1584 1032 1645 judico
1047 1623 1063 1644 ,
1079 1591 1248 1638 omnia·

262 1655 401 1723 supra
432 1654 578 1700 relata
601 1655 703 1702 loca
734 1652 791 1701 ab
814 1655 953 1702 initio
979 1673 1139 1707 muros
1164 1661 1241 1707 ha-

264 1720 411 1774 bmffe
430 1736 607 1773 terreos
622 1758 638 1780 ,
657 1723 827 1775 deinde
845 1724 1052 1790 lapideos
1068 1731 1240 1778 reticu-

267 1795 350 1842 lati
384 1795 566 1860 operis,
595 1806 649 1841 ut
681 1794 794 1863 sape
828 1796 876 1842 in
909 1793 1102 1847 diverfis
1130 1800 1242 1849 Iocis

267 1864 664 1914 animadvertitur
683 1900 694 1912 .

338 1936 500 2001 Qiare
523 1969 539 1991 ,
574 1933 683 1983 cum
716 1950 846 1985 extra
879 1937 1067 1990 Urbem
1100 1937 1242 1990 essent

266 2005 455 2070 aliquot
472 2001 664 2055 aedificia
679 2040 696 2062 ,
722 2005 896 2056 merit&
921 2008 1014 2055 haec
1031 2044 1046 2065 ,
1067 2010 1243 2059 Subur-

267 2073 344 2121 bia
363 2109 380 2130 ,
414 2075 464 2124 ὃ(
493 2090 715 2142 corrupto
748 2074 981 2126 vocabulo
1009 2114 1026 2135 ,
1063 2080 1243 2131 Subura

269 2143 577 2192 denominata
594 2142 725 2194 fuere
742 2182 752 2193 .

341 2214 417 2265 Ut
436 2211 640 2263 validius
673 2233 777 2266 mea
804 2220 1073 2283 conjeC'tura
1103 2220 1242 2270 robo-

267 2295 431 2340 retur,
469 2285 854 2352 perpendendum
884 2291 950 2340 est
975 2327 989 2348 ,
1027 2306 1077 2339 ut
1106 2290 1245 2359 supra

268 2355 595 2412 narravimus,
633 2357 680 2402 in
715 2355 893 2408 Subura
920 2361 1037 2409 olim
1071 2364 1244 2429 Empo-

269 2424 395 2470 rium
432 2420 563 2472 fuisse
597 2460 614 2482 ,
660 2427 705 2473 in
744 2445 837 2494 quo
877 2432 1028 2479 omnis
1063 2433 1246 2498 generis

266 2509 446 2541 merces
475 2493 804 2545 vendebantur
831 2535 842 2546 .
881 2505 950 2548 At
980 2519 1073 2548 non
1106 2501 1245 2549 valde

269 2561 437 2611 distans
458 2561 514 2611 ab
530 2563 733 2614 Ecclesia
751 2570 923 2618 Sanstae
942 2571 1096 2619 Luciae
1114 2573 1160 2618 in
1179 2573 1246 2619 Si-

269 2632 386 2691 lice‚
414 2630 510 2682 five
536 2634 592 2682 ad
613 2637 807 2704 Orphea
826 2675 842 2695 ‚
875 2658 975 2706 quae
1001 2655 1142 2708 caput
1162 2643 1246 2688 Su-

270 2698 394 2749 burae
412 2701 731 2764 existimatur,
758 2725 883 2757 nunc
900 2709 963 2758 est
981 2712 1071 2758 alia
1089 2712 1246 2759 Eccle-

269 2766 332 2817 fia
365 2772 519 2820 Sancti
554 2776 659 2824 Viti
694 2777 738 2822 in
759 2780 997 2828 Macello:
1029 2781 1142 2846 quid
1165 2798 1246 2827 au-

267 2852 368 2888 tem
386 2857 482 2888 vox
504 2843 596 2890 haec
613 2844 855 2895 Macellum
869 2849 1081 2907 denotet,
1099 2849 1246 2899 osten-

269 2909 342 2957 dit
378 2912 574 2958 Fulvius
611 2914 680 2962 De
714 2919 1071 2986 Antiquitatibus
1105 2920 1245 2973 Urbis

268 2978 352 3027 lib.
371 2996 416 3025 2.
443 2977 577 3038 cum,
611 2984 771 3043 Varia,
789 2989 971 3053 inquit,
989 2992 1055 3040 ef?
1072 2991 1124 3038 de
1139 2989 1251 3039 Ma-

269 3051 371 3097 cello
385 3051 461 3098 hoc
477 3049 745 3120 Etymologia
764 3077 774 3103 :
802 3056 1002 3129 Quidam
1018 3060 1069 3108 id
1084 3061 1249 3109 dicium

260 3133 421 3186 putant
436 3118 680 3170 Macellum
701 3124 921 3177 Liviaest.
936 3129 1247 3195 [liciorstribit

269 3187 513 3239 Macellum
537 3190 735 3242 Liviani
757 3201 804 3244 in
834 3206 883 3244 6.
918 3197 1057 3247 Urbis
1085 3200 1242 3267 Regio-

272 3276 353 3320 ne,
389 3280 461 3308 nec
482 3261 632 3328 dcfimt
646 3298 662 3320 ,
687 3270 761 3332 qui
788 3269 940 3315 velint
964 3273 990 3317 a
1018 3266 1242 3325 Macella,

679 257 1085 310 VETERA
1170 254 1863 312 ‚MONIMENTA

1291 329 1408 378 ideis?
1435 326 1537 374 caede
1555 324 1809 386 Martyrum
1842 325 2120 374 derivatum.
2157 326 2260 375 Plu-

1289 417 1339 447 ra
1361 395 1549 464 fluerunt
1577 400 1624 442 in
1661 396 1780 447 'Urbe
1812 393 2039 452 Macella,
2063 395 2152 465 fi'd
2177 397 2258 443 duo

1279 473 1518 534 praecipua3
1555 465 1797 515 Macellum
1821 463 2019 533 magnum
2045 469 2094 513 in
2125 466 2260 517 Coelio

1287 557 1422 588 monce
1438 571 1453 592 ,
1489 539 1542 585 (T
1564 534 1805 585 Macellum
1825 535 2024 587 Liviani
2040 541 2089 583 in
2106 535 2259 605 Esqui-

1287 613 1364 660 liis·
1379 645 1393 666 ,
1424 608 1475 655 de
1489 626 1563 674 quo
1581 625 1688 654 nunc
1707 613 1851 674 agitur
1865 645 1875 654 .
1902 605 2144 658 Macellum
2153 620 2259 671 pro-

1279 686 1376 747 prie}-
1414 680 1521 726 locus
1558 678 1626 726 ess?
1654 712 1669 733 ,
1709 677 1785 725 ubi
1815 681 1997 727 venalia
2028 682 2171 726 omnia
2205 675 2265 722 ad

1289 753 1405 815 usum
1439 749 1665 796 humanum
1699 751 2000 796 contrahuntur
2029 781 2040 792 .
2078 749 2259 798 Plautus

1289 815 1338 870 in
1357 820 1589 870 Aulularia
1604 851 1636 874 „
1659 819 1789 868 Venio
1816 819 1875 866 ad
1889 815 2125 866 Macellum
2140 855 2156 875 ,
2185 822 2257 866 in-

1289 895 1382 958 quit
1405 926 1437 947 „
1466 893 1601 955 rogito
1613 889 1969 955 pisces-,indicant
1984 890 2262 956 caros-,Agni-

1287 999 1321 1020 „
1359 978 1455 1008 nam
1475 975 1632 1013 caram,
1651 958 1877 1017 Bubulam,
1896 959 2138 1006 Viculinam
2150 994 2165 1016 ,
2185 962 2258 1011 Ce-

1290 1069 1325 1090 ,‚
1362 1048 1451 1079 tum
1466 1064 1482 1086 ,
1498 1029 1721 1078 Porcinam
1739 1064 1754 1084 ,
1773 1047 1868 1078 cara
1886 1032 2029 1076 omnia
2047 1065 2056 1074 .
2088 1029 2264 1078 llslaccl-'

1289 1105 1376 1151 lum
1405 1105 1514 1150 ‘verb
1548 1106 1573 1148 ἁ
1610 1096 1798 1147 Macella
1825 1096 2006 1168 'quodam
2045 1100 2148 1149 Viro
2188 1101 2260 1149 di·

1287 1173 1400 1221 Hum
1417 1207 1432 1228 ‚
1468 1174 1540 1238 qui
1570 1173 1616 1217 in
1647 1167 1767 1219 Urbe
1794 1172 2065 1218 latrocinium
2090 1190 2255 1220 exerce-

1287 1242 1361 1289 bat
1377 1277 1391 1297 ,
1428 1261 1503 1307 quo
1526 1240 1724 1288 damnato
1741 1274 1757 1295 ,
1794 1244 1990 1310 Censbres
2005 1238 2228 1291 AEmilius
2243 1278 2257 1299 ,

1289 1316 1343 1361 (7
1374 1312 1562 1360 Fulvius
1592 1310 1835 1358 statuerunt
1854 1347 1869 1368 ,
1905 1326 1953 1359 ut
1967 1344 1983 1366 ,
2019 1311 2135 1358 domo
2168 1318 2265 1374 ejus

1289 1382 1464 1437 diruta,
1494 1378 1664 1444 obsbm'a
1689 1377 1756 1426 ibi
1787 1381 2111 1440 ‘venderentur3
2141 1382 2265 1429 reda-

1287 1451 1372 1500 His
1403 1456 1449 1499 in
1480 1450 1643 1514 Fiscum
1674 1447 1794 1496 bonis
1815 1484 1824 1494 .
1868 1450 2025 1516 Aliqui
2055 1451 2265 1509 tradunt,

1292 1518 1400 1588 qubi
1427 1517 1490 1567 ibi
1515 1516 1659 1586 fiacr-it
1693 1520 1838 1567 hortus
1864 1556 1880 1576 ,
1918 1538 2036 1587 quem
2071 1520 2264 1569 Lacedae-

1293 1594 1428 1640 monii
1445 1588 1684 1638 „Macellum
1711 1605 1904 1645 vocant,
1944 1589 1995 1636 ab
2025 1610 2068 1638 eo
2088 1590 2265 1642 Macel-

1293 1664 1378 1711 lum
1394 1657 1545 1728 infiro
1568 1695 1577 1704 .
1617 1662 1733 1708 Haec
1754 1659 1971 1708 Fulvius:
2002 1677 2144 1726 quare
2165 1681 2264 1709 am·-

1295 1730 1390 1798 bigi
1426 1748 1515 1777 non
1544 1726 1666 1796 posse
1683 1741 1909 1786 autumo,
1947 1730 2105 1778 locum
2127 1728 2267 1780 istum

1294 1796 1424 1848 fuisse
1451 1801 1582 1848 illum
1600 1837 1614 1857 ,
1654 1802 1699 1847 in
1721 1816 1812 1863 quo
1835 1800 1974 1847 variae
1994 1815 2065 1847 res
2084 1802 2265 1850 vende-

1296 1870 1468 1919 bantur
1489 1906 1504 1927 ,
1541 1884 1593 1917 ut
1621 1870 1773 1918 innuit
1797 1865 2105 1936 supracitatus
2135 1875 2266 1935 Mar·

1297 1942 1445 1990 tialis.
1469 1938 1725 2007 Hucusque
1746 1940 1803 1987 de
1820 1938 2000 1987 Subura
2019 1941 2166 2010 prope
2187 1939 2266 1988 Es-

1296 2012 1463 2081 quilias
1489 2010 1722 2060 diximus.

1356 2085 1499 2132 Nunc
1518 2081 1859 2151 perpendamus
1878 2083 2019 2129 aliam
2035 2081 2269 2130 Suburam

1295 2155 1343 2201 in
1417 2154 1601 2200 uirinali
1622 2189 1637 2211 ,
1674 2152 1733 2200 ad
1754 2152 1903 2199 Pilam
1927 2151 2233 2215 Tiburtinam
2251 2189 2268 2209 ,

1296 2220 1674 2290 quaefibcunddm
1692 2221 1870 2270 laudati
1885 2224 2151 2271 Martinelli
2177 2221 2272 2270 sen-

1298 2295 1496 2342 tentiam
1511 2328 1527 2349 ,
1553 2307 1651 2341 erat
1679 2292 1737 2340 ad
1756 2293 1954 2341 Circum
1975 2293 2122 2340 Florae
2139 2329 2154 2350 ,
2187 2291 2271 2338 ubi

1299 2380 1424 2412 nunc
1441 2361 1776 2430 magnificum,
1812 2380 1863 2409 ac
1888 2361 2071 2410 celebre
2099 2361 2272 2410 Barbe-

1300 2435 1514 2482 rinorum
1548 2433 1780 2480 Palatium
1809 2453 1820 2479 :
1859 2430 1924 2478 ibi
1957 2433 2101 2481 etiam
2137 2444 2271 2481 erant

1299 2504 1425 2550 muri
1443 2503 1586 2551 terrei
1604 2520 1713 2550 cum
1735 2499 2181 2551 iubstru&ionibtis.'
2269 2563 2275 2569 .

1368 2571 1741 2621 Retrocedamus
1769 2572 1826 2620 ad
1846 2573 2272 2639 Amphitheatrum

1301 2643 1435 2699 Titi,
1453 2645 1501 2692 &
1521 2640 1825 2692 observemus
1841 2640 2074 2691 Suburam
2095 2640 2270 2689 Nardi-

1300 2715 1376 2769 ni,
1414 2708 1547 2759 fitam
1570 2711 1625 2760 ab
1647 2713 2017 2780 Amphitheatro
2051 2710 2190 2777 usque
2211 2710 2272 2760 ad

1297 2779 1549 2830 Ecclesiam
1572 2785 1650 2830 SS.
1667 2784 1791 2831 Petri
1819 2783 1867 2832 &
1890 2781 2188 2838 Marcellini,
2221 2781 2272 2831 δε

1300 2853 1598 2900 inveniemus
1615 2854 1758 2901 etiam
1778 2850 1955 2900 ibidem
1974 2863 2273 2916 nultum-spru

1298 2939 1433 2971 reum
1466 2940 1577 2969 cum
1611 2918 2058 2978 substructionibus,
2089 2921 2170 2987 qui
2188 2917 2271 2985 'su-

1302 2992 1472 3041 stentat
1493 2992 1665 3041 collem
1683 2989 1996 3055 Esquiliarum
2012 3024 2024 3036 .
2190 2991 2197 3011 ²·

1373 3063 1502 3111 Hinc
1536 3073 1866 3110 convertamus
1898 3076 1980 3108 nos
2012 3059 2069 3106 ad
2087 3058 2270 3107 aliam.»

1300 3128 1534 3179 Suburam
1571 3130 1785 3176 Panvinii
1822 3129 1879 3178 ad
1915 3132 2100 3178 Arcum
2136 3131 2270 3179 Con·-

1298 3196 1486 3246 stantini
1508 3197 1650 3263 usque
1668 3197 1726 3246 ad
1746 3199 2072 3267 Septizonium
2087 3235 2104 3257 ,
2142 3198 2273 3267 quod

1296 3282 1403 3318 ante
1420 3265 1673 3318 Ecclefiam
1701 3270 1858 3337 Sancti
1877 3269 2102 3339 Gregorii
2127 3267 2271 3317 fitum

2131 3352 2233 3390 erat
2253 3373 2271 3397 ,
