2425 3747
35 318 172 355 teres,
203 297 419 361 inprimis
444 286 762 360 deleHatisitnt
775 289 972 341 rotundis
989 326 999 337 .

35 370 193 420 Eorum
209 365 398 435 quaestn&
427 365 533 412 cella
547 365 656 432 fiant
683 398 699 420 ,
730 364 816 431 fid
845 363 998 410 colum-

38 444 108 488 nis
132 443 301 488 tantiam
334 436 667 484 circumvallata
689 469 704 491 ‚
742 433 1001 497 Menoptera

32 509 262 569 dicuntum
287 525 370 575 quae
389 507 537 554 cellam
561 504 746 561 habent,
775 506 1002 569 Periptera

32 596 248 632 ‘vocantur
278 613 289 624 .
340 576 572 643 Peripteri
624 575 793 642 templi
843 591 1001 623 exem·

35 652 138 718 plar
162 650 209 695 in
229 647 315 695 hac
333 644 470 700 Urbe
499 643 668 694 visitur
701 648 752 692 B.
772 646 844 692 M.
873 642 1002 691 dica-

37 734 140 767 tum
157 754 172 776 ‚
198 714 283 765 sub
303 716 697 766 denominatione
715 716 833 763 Solis
850 750 864 771 ,
890 714 1008 761 olim

37 793 80 837 S.
106 788 331 857 Stephani
358 787 468 836 delle
495 790 707 844 Carrozze
731 785 790 834 ad
810 787 1004 852 ripam-³

33 860 248 910 fluminis
266 894 276 904 .
317 856 490 904 Tiburi
518 860 666 906 etiam
685 855 870 920 adjacet
886 868 1006 904 tem-

35 932 171 1000 plum
204 927 328 976 haud
366 924 580 978 abfimile
598 963 613 985 ,
640 925 818 993 Sibyllae
845 925 1008 974 Domus

35 998 184 1069 vulgo
215 997 554 1066 indigitatum,
584 1001 713 1064 quod
746 997 1004 1045 Cluverius

35 1074 85 1119 in
101 1069 179 1117 sua
194 1068 336 1117 Italia
352 1070 545 1136 antiqua
560 1066 797 1119 existimat
812 1068 1001 1115 Hercu-

37 1143 92 1189 lis
106 1137 269 1188 AEdem
285 1134 418 1186 fuisse
437 1175 447 1185 .

105 1208 293 1258 Tabula
309 1212 375 1258 II.
393 1207 587 1256 exhibet
602 1221 858 1272 utrumque
880 1203 1009 1254 ordi-

35 1298 146 1330 nem
171 1281 219 1326 in
234 1280 334 1346 Fig.
360 1297 399 1326 1.
421 1295 464 1323 2.
486 1292 529 1334 3.
548 1285 597 1327 6.
626 1279 737 1336 &7.
757 1290 1010 1344 propterea

33 1351 91 1401 ab
107 1349 424 1417 explicatione
442 1343 579 1396 facil&
600 1347 810 1397 abstineo
827 1383 838 1393 .

115 1424 188 1469 De
220 1419 515 1486 templorum
544 1417 698 1467 forma
727 1417 854 1487 apud
883 1418 1006 1464 anti-

33 1509 148 1559 quos
184 1492 426 1538 Romanos
455 1503 643 1558 recepta
663 1525 678 1547 ,
716 1485 956 1555 hucusque
984 1493 1010 1535 a

32 1561 169 1612 nobis
195 1559 354 1610 astum
368 1559 460 1609 est.
497 1559 716 1629 Superest
732 1574 789 1608 ut.
801 1560 859 1609 de
884 1555 1008 1606 Basi-

30 1635 235 1683 licarum
249 1628 478 1680 struffihira
494 1631 743 1701 quidpiam
763 1629 1012 1688 addamus;

34 1702 96 1752 ad
130 1698 389 1770 priscarum
417 1703 545 1750 enim
577 1703 826 1770 exemplar
855 1702 1010 1769 plures

33 1771 296 1823 constitutae
314 1769 422 1820 sunt
440 1771 558 1821 aedes
576 1775 721 1821 Sacrae
737 1774 762 1820 a
780 1769 1008 1821 Christia-

33 1846 137 1900 nis,
167 1860 268 1909 quae
297 1844 444 1891 etiam
471 1842 613 1892 hodie
644 1859 817 1890 nomen
840 1838 1006 1889 Basili-

33 1934 97 1964 cae
126 1914 339 1961 retinent
366 1933 378 1960 ε
423 1914 538 1980 quin
576 1910 675 1960 imo
703 1911 1008 1979 quamplures

33 1984 222 2054 quoque
238 2000 295 2031 ex
312 1984 516 2050 antiquis
534 1984 582 2031 in
600 1981 748 2032 sacros
767 1980 873 2030 usus
893 1999 1005 2030 con-

35 2052 179 2105 versae
196 2052 302 2101 sunt
316 2089 331 2112 ,
357 2055 407 2104 δε
425 2053 595 2103 divino
623 2054 775 2102 cultui
796 2051 979 2100 sacratae
998 2088 1009 2098 .

108 2128 183 2172 De
211 2121 415 2171 Basilicis
432 2122 704 2173 summatim
732 2123 1009 2192 egitlauda-

34 2211 110 2244 tus
127 2194 384 2244 Vitruvius
398 2195 476 2244 lib.
489 2215 527 2243 1.
545 2211 632 2261 cap.
646 2215 662 2243 1
677 2232 685 2241 .
700 2198 770 2242 Ex
784 2195 1016 2243 recentio-

35 2266 165 2315 ribus
192 2263 311 2313 vero
341 2264 561 2315 Andreas
590 2265 826 2313 Palladius
854 2264 932 2314 lib.
966 2279 1010 2322 3.

33 2336 450 2395 c.19.Vincentius
471 2338 713 2385 Scamozzi
729 2335 956 2400 lib.3.cap.
968 2351 1011 2395 5.

36 2409 135 2457 Leo
152 2404 357 2475 Baptista
373 2405 605 2456 Albertus
624 2407 703 2456 lib.
729 2426 745 2454 1
758 2425 803 2466 7.
822 2422 909 2473 cap.
937 2424 1009 2468 14.

108 2481 238 2528 Cum
265 2489 426 2526 autem
452 2480 585 2527 vocis
618 2476 746 2526 istius
773 2489 978 2543 etymon
996 2511 1011 2532 ,

37 2547 257 2616 illiusque
284 2549 415 2596 varia
435 2545 716 2619 significatio
746 2565 841 2595 non
858 2547 1015 2595 omni-

38 2619 123 2667 bus
140 2632 253 2667 nota
267 2616 456 2676 sit‚ideo
472 2617 529 2668 ab
545 2621 757 2687 incoepto
776 2619 1012 2665 Laconico

36 2688 166 2757 stylo
201 2690 555 2755 aliquantulum
593 2692 642 2737 in
668 2693 898 2752 majorem
927 2688 1015 2736 Le-

36 2762 178 2810 &oris
192 2760 394 2828 gratiam
408 2760 664 2812 defle<stere
683 2777 778 2808 non
798 2761 845 2805 in
848 2764 1016 2823 jucun-

40 2831 161 2881 dum
177 2827 395 2879 existimo
415 2867 427 2878 .

111 2898 358 2948 Basilicam
372 2903 517 2969 igitur
529 2916 694 2950 omnes
719 2900 1017 2950 conveniunt

42 2973 304 3039 Scriptores
340 2974 366 3020 a
405 2973 569 3020 Graeca
607 2988 728 3020 voce
766 2983 897 3019 Baomnm'
932 2970 1013 3019 de-

42 3043 218 3099 rivari,
247 3059 348 3108 quae
364 3042 568 3112 Regiam
591 3041 821 3099 denotat,
859 3058 1010 3090 cum-‚

43 3122 167 3158 naam-0¹5
210 3114 396 3183 Regem
427 3149 443 3170 ‚
482 3109 580 3161 five
621 3117 1011 3181 Imperatorem-.-

44 3175 274 3246 fignificet
301 3220 313 3231 .
353 3185 500 3233 Initio
535 3179 740 3233 Bafilicae
770 3186 797 3233 a
832 3186 1011 3233 Roma-

43 3250 113 3298 nis
139 3250 372 3303 aedificatae
414 3251 543 3302 fuere
566 3289 584 3311 ,
623 3266 676 3302 ut
716 3254 924 3323 Populus
964 3257 1013 3305 in

1055 296 1120 342 eis
1149 292 1208 340 ad
1241 295 1312 353 jus
1347 285 1605 336 dicendum
1641 290 1899 338 convenire
1926 245 2032 358 poi?

1054 360 1124 413 set
1139 399 1150 409 .
1187 362 1387 411 Illarum
1427 355 1578 406 forma
1619 357 1936 427 utplurimum
1972 361 2034 411 fic

1054 447 1154 484 erat
1171 470 1181 480 .
1205 428 1535 498 Cingebantur
1551 428 1810 495 porticibus
1825 467 1840 488 ,
1864 449 2030 479 conca-

1058 504 1246 553 meraris
1266 519 1324 549 ex
1340 501 1545 547 coaxatis
1562 501 1999 569 contignationibus
2015 537 2031 560 ,

1058 568 1270 624 immiffis
1299 571 1346 617 in
1378 568 1603 637 parastata
1637 573 1870 631 columnis
1896 607 1911 629 ,
1953 586 2036 620 aut

1061 646 1166 714 pilis
1182 640 1440 704 adjunctis,
1469 637 1699 707 superque
1718 643 2039 710 contignatio-

1062 733 1172 764 nem
1188 713 1335 761 altera
1352 724 1480 767 erat,
1503 712 1553 760 &
1570 708 1782 778 superior
1798 715 2006 781 porticus
2023 748 2038 771 ,

1060 791 1190 847 cujus
1205 782 1388 833 testum
1407 779 1747 830 testudinatum
1768 785 1868 831 aliis
1897 781 2038 851 posti-

1060 856 1146 904 bus
1174 891 1190 914 ,
1229 850 1497 910 parastatis,
1525 852 1577 901 &
1605 852 1812 901 arestariis
1844 850 2036 901 sustine-

1064 927 1202 975 batur
1220 962 1231 972 .
1264 923 1491 973 Medium
1508 921 1711 989 spatium
1724 961 1739 982 ,
1757 924 1806 972 &
1820 921 1947 990 quasi
1966 921 2039 970 su-

1061 1000 1219 1067 perior
1254 995 1462 1063 porticus
1479 1028 1495 1050 ,
1525 993 1717 1042 Pluteus
1743 993 2039 1051 vocabatur,

1063 1069 1145 1136 qui
1162 1070 1209 1115 in
1225 1079 1480 1129 utrumque
1496 1064 1616 1110 latus
1629 1082 1712 1130 per
1729 1066 2038 1112 intercolum-

1067 1140 1145 1186 nia
1183 1133 1544 1204 peristyliorum
1593 1133 1799 1182 liberum
1839 1133 2044 1181 habebat

1065 1205 1368 1278 prospectum
1389 1240 1399 1250 .
1443 1199 1685 1252 Parastatae
1727 1203 1845 1251 vero
1888 1203 2045 1270 duplae

1064 1292 1201 1329 erant
1217 1277 1274 1325 ad
1292 1272 1632 1324 rectitudinem
1656 1272 1863 1342 portici'is
1879 1310 1894 1331 ,
1926 1271 2045 1321 sicut

1061 1353 1110 1401 ὃ(
1126 1350 1356 1398 columnae
1374 1342 1606 1413 perpetuo
1622 1347 1880 1412 Scaporum
1896 1343 2046 1392 du&u

1063 1421 1123 1469 ad
1178 1416 1382 1467 Basilicae
1426 1414 1736 1464 latitudinem
1767 1451 1778 1461 .
1820 1413 2049 1463 Solebant

1063 1493 1193 1542 enim
1211 1491 1258 1536 in
1275 1484 1456 1537 eisdem
1475 1500 1680 1552 quatuor
1694 1482 1847 1534 adesse
1868 1482 2047 1533 Tribu-

1064 1564 1186 1611 nalia
1202 1596 1217 1619 ,
1248 1560 1295 1606 in
1310 1555 1480 1624 quibus
1502 1554 1685 1604 stabant
1703 1559 1930 1607 Oratores
1943 1591 1960 1614 ,
1994 1573 2048 1602 ac

1066 1636 1114 1682 in
1135 1627 1531 1697 orbemJudices.
1562 1630 1680 1675 Duae
1709 1627 1905 1676 aderant
1936 1643 2047 1694 por-

1063 1708 1201 1761 ticus,
1218 1698 1432 1756 inferior,
1450 1717 1501 1745 ac
1519 1696 1750 1766 superior3
1768 1700 1814 1744 in
1831 1695 2047 1746 inferiori

1063 1774 1282 1844 Iudices,
1320 1769 1600 1826 Advocati,
1634 1787 1687 1816 ac
1714 1770 1921 1816 aliorum
1952 1767 2048 1813 liti-

1052 1835 1280 1915 ⁸gantium
1307 1837 1445 1887 turba
1463 1874 1474 1885 .
1508 1843 1563 1887 In
1592 1836 1823 1906 superiori
1852 1834 1968 1886 vero
1988 1854 2048 1884 ex

1061 1934 1155 1964 una
1191 1925 1322 1982 parte
1345 1907 1564 1969 feminae,
1598 1927 1655 1957 ex
1685 1912 1776 1957 alia
1803 1909 1930 1965 viri,
1963 1908 2045 1972 qui

1059 1985 1247 2053 Judiciis
1264 1980 1660 2036 intererant,stare
1676 1978 2050 2034 consueverunt,

1064 2071 1118 2106 ut
1144 2053 1308 2103 videre
1325 2088 1340 2109 ,
1366 2053 1416 2102 ἃ
1435 2050 1722 2114 jusdicentes
1742 2050 1906 2098 audire
1932 2046 2041 2116 pos-

1066 2126 1168 2177 sent
1185 2162 1194 2172 .
1218 2127 1409 2173 Harum
1427 2118 1732 2169 Basilicarum
1748 2117 2047 2170 Iconismum

1066 2195 1210 2248 refert
1226 2194 1536 2264 Spanhemius
1564 2189 1832 2261 expressum
1855 2192 1900 2237 in
1923 2206 2043 2254 quo-

1067 2269 1178 2319 dam
1195 2264 1520 2314 Nusmismate
1535 2300 1550 2321 ,
1567 2262 1648 2310 ubi
1666 2259 1837 2310 visitur
1854 2257 2050 2307 Basilica

1069 2338 1282 2389 Aemilia
1298 2373 1308 2382 .
1327 2337 1388 2382 Et
1402 2335 1459 2382 n&
1474 2351 1556 2401 gra
1566 2336 1686 2381 veris
1703 2330 2047 2399 Spanhemium

1066 2409 1193 2457 adire
1213 2443 1228 2464 ,
1266 2405 1398 2454 idem
1427 2401 1686 2451 Numisma
1713 2400 1918 2451 exhibeo
1959 2401 2048 2447 in.,

1066 2473 1431 2528 Tab.XXI.sub
1447 2471 1577 2543 fig.4.
1594 2471 1869 2522 Earundem
1886 2467 2048 2518 Bafili-

1067 2566 1232 2599 carum
1259 2546 1433 2594 itidem
1460 2544 1613 2594 forma
1631 2582 1646 2603 ,
1670 2541 1859 2592 inverso
1885 2555 2048 2589 tamen

1066 2619 1233 2670 ordine
1254 2614 1487 2685 portici'is,
1513 2613 1623 2664 cum
1642 2617 1766 2662 intus
1782 2612 1867 2670 fit,
1895 2610 2050 2659 adhuc

1067 2691 1224 2741 videri
1242 2685 1393 2756 potest
1407 2689 1572 2736 Romae
1602 2688 1648 2733 in
1666 2682 1859 2732 Basilica
1879 2681 2045 2745 sancit}

1069 2761 1275 2831 Agnetis
1291 2770 1425 2808 extra
1441 2755 1589 2811 Urbis
1607 2756 1774 2803 maenia
1788 2790 1803 2812 ,
1821 2755 1870 2804 ὅ(
1892 2754 1939 2799 in
1959 2755 2046 2799 Ba-

1069 2830 1198 2882 silica
1215 2830 1373 2878 Sansti
1391 2828 1637 2877 Laurentii
1665 2827 1711 2873 in
1735 2827 1870 2893 Agro
1889 2827 2045 2873 Vera-

1070 2921 1132 2951 no
1149 2939 1165 2961 ,
1201 2899 1283 2949 ubi
1298 2902 1348 2951 &
1369 2902 1579 2967 porticus
1595 2897 1774 2966 duplex
1795 2894 1887 2954 est3
1909 2891 2045 2941 sicuti

1065 2975 1115 3024 &
1147 2975 1194 3020 in
1224 2967 1431 3021 Ecclesia
1465 2963 1837 3039 Aquisgranensi
1863 3000 1879 3021 ,
1928 2975 1981 3008 ut
2018 2959 2046 3008 εἷ

1066 3039 1482 3094 Reverendiffimo
1516 3043 1730 3089 Domino
1761 3041 1823 3085 N.
1845 3030 2042 3082 Vander

1064 3115 1272 3172 Linden,
1285 3109 1584 3162 meritissimo
1600 3130 1623 3161 e
1626 3108 1810 3177 Jusdem
1827 3097 2043 3150 Ecclefiae

1066 3190 1262 3237 Decano
1301 3186 1570 3252 accepimus
1597 3219 1613 3241 ‚
1651 3179 1730 3246 qui
1769 3193 1828 3224 ex
1856 3170 2042 3239 emplar

1065 3256 1249 3308 Mufivi
1264 3256 1452 3326 operis,
1481 3255 1580 3302 illic
1605 3254 1630 3301 a
1647 3247 1823 3299 Carolo
1851 3247 2036 3308 Magno

1928 3327 2039 3360 con-
