2425 3747
712 233 1241 290 CAPUT
1347 234 1474 290 VII.

97 313 272 363 tatibus
301 328 379 361 me
403 308 656 381 expediam
673 345 683 355 .
724 309 886 355 Primo
909 308 1068 374 itaque

97 383 428 452 Triumphum
472 382 548 428 hic
589 376 821 446 defignari
860 381 1067 427 Romani

95 455 244 504 Ducis
262 490 279 511 ‚
315 450 635 502 demonstrant
667 449 848 516 captivi
875 450 924 497 in
948 446 1066 500 facie

95 523 257 574 currus
282 520 507 591 expreffi,
544 521 625 586 qui
652 537 816 567 manus
848 532 954 568 ante
984 539 1068 589 pe-

93 596 195 645 c‘lus
229 593 462 643 revinctas
497 589 793 650 demittunt3
831 589 1066 658 docetque

11 712 13 714 .
93 680 200 715 tum
227 662 415 712 habitus
433 661 797 730 triumphantiS,
825 663 905 727 qui
927 659 1034 729 sago
1050 697 1066 719 ,

91 734 173 786 seu
197 732 428 801 clamyde
448 770 465 792 ,
502 734 580 781 vel
600 731 940 801 paludamento
966 736 1067 781 Ro-

9 803 15 854 ῐῖ
89 823 233 856 mano
257 821 390 854 more
427 801 816 871 superinduitur3
845 803 896 852 &
927 803 953 852 ὲ
983 820 1066 850 cu-

89 882 161 940 jus
185 876 385 924 humero
416 871 596 923 finisti-0
619 870 914 924 subnectitur
933 874 1068 922 lateri

89 947 290 995 dextero
316 947 437 994 latus
455 945 616 993 clavus
634 980 649 1001 ,
683 946 764 1010 qui
785 948 1071 993 Senatorum

89 1015 270 1085 insigne
290 1029 418 1073 erat,
438 1028 543 1063 tum
562 1017 710 1063 etiam
734 1014 841 1082 biga
862 1012 958 1083 ipsa
976 1011 1070 1081 quei

11 1095 13 1126 ἶ
88 1088 311 1136 vehitur:
350 1084 477 1134 unde
506 1088 555 1133 in
575 1086 659 1133 illo
687 1088 935 1134 neminem
967 1102 1070 1133 me-

11 1196 13 1208 .
85 1155 179 1205 lius
206 1156 531 1225 repraesentari
570 1157 846 1222 putaverim
872 1192 888 1213 ,
925 1157 1069 1221 quam

86 1230 163 1277 Μ.
199 1229 499 1284 Antonium,
537 1228 618 1290 qui
648 1229 736 1282 (ut
773 1227 932 1292 inquit
962 1226 1069 1272 Plu-

86 1299 313 1360 tarchus)
350 1298 496 1345 animi
516 1293 585 1343 sui
608 1296 789 1364 impos,
819 1298 870 1346 &
891 1293 1069 1344 venefi-

11 1422 13 1428 ¹
86 1370 195 1426 ciis,
221 1365 301 1417 seu
320 1364 561 1435 praestigiis
581 1366 852 1434 Cleopatrae
872 1380 1037 1434 captus
1052 1402 1068 1423 ‚

7 1495 10 1500 .
83 1436 189 1507 post
220 1438 434 1487 devistos
460 1437 683 1485 Portliico
723 1436 850 1487 bello
876 1435 1028 1486 hostes
1051 1473 1067 1495 ,

85 1506 387 1557 Artabazum
414 1525 558 1574 quam
587 1507 803 1575 pluribus
830 1506 1066 1577 promiffis

84 1578 146 1628 ad
165 1576 211 1628 se
229 1578 557 1647 pertractum,
593 1580 751 1628 veluti
771 1581 1027 1649 captivum
1048 1614 1065 1636 ,

14 1666 15 1670 ’
84 1648 434 1698 Alexandriam
449 1651 498 1696 in
518 1650 823 1718 triumphum
837 1650 990 1699 duxit:
1007 1650 1066 1698 de

84 1738 181 1787 quo
211 1720 459 1788 triumpho
492 1721 688 1786 loquens
726 1721 855 1770 idem
885 1722 1070 1768 Plutar÷

86 1791 233 1848 chus,
270 1808 365 1839 non
395 1789 640 1839 modicam
669 1793 901 1839 Romanis
922 1789 1067 1841 offen-

84 1859 185 1908 sam
210 1863 284 1907 M.
307 1861 581 1907 Antonium
601 1857 821 1925 irrogasse
851 1865 955 1910 nir,
991 1875 1068 1903 ur-

11 1966 14 1987 ;
86 1930 196 1999 pote
219 1930 300 1993 qui
329 1943 706 1980 ornamentum,
743 1922 1064 1986 majestatem-

12 2054 13 2060 *
85 2017 176 2068 que
193 1998 355 2045 Patriae
380 2008 577 2063 propter
592 1996 905 2061 Cleopatram
918 1996 1066 2064 AEgy-

11 2071 14 2076 ’
87 2071 199 2138 ptiis
231 2066 671 2116 communicaverat
693 2099 703 2109 .
744 2064 827 2113 Ad
857 2064 1066 2114 nostram

12 2148 13 2151 ’
89 2142 210 2189 hanc
236 2137 516 2205 opinionem
543 2133 947 2195 confirmandam,
986 2136 1066 2185 ad-

85 2211 246 2260 dimus
266 2204 479 2270 ejusdem
499 2206 728 2255 Austoris
746 2204 893 2254 verba
908 2244 925 2265 ,
963 2209 1067 2273 qui-

12 2291 13 2345 J
86 2280 173 2330 bus
198 2282 271 2328 M.
291 2279 565 2325 Antonium
584 2273 870 2325 adamuffim
891 2275 1067 2327 descri-

86 2351 182 2400 bit:
219 2349 367 2400 Inerat
390 2353 430 2400 ei
459 2353 508 2397 in
527 2351 662 2398 vultu
687 2347 886 2397 liberalis
916 2351 1068 2420 digni-

0 2424 13 2480 ·'g
86 2439 155 2471 tas
169 2458 184 2479 ,
222 2439 268 2469 ac
289 2418 423 2468 barba
441 2438 522 2468 non
537 2419 763 2468 indecens:
786 2418 932 2488 fizcies
948 2426 1066 2479 lata,

9 2540 12 2558 ,h
86 2501 143 2544 (9⁴
161 2491 259 2558 nasi
266 2492 490 2539 aduncitas
504 2526 519 2547 ,
542 2489 815 2539 ‘videbantur
839 2495 1066 2561 masculam

88 2568 177 2611 oris
188 2561 382 2630 formam
402 2597 417 2619 ,
453 2562 593 2629 qualis
615 2561 820 2611 Herculis
831 2569 1036 2633 pingitur
1049 2601 1064 2622 ,

88 2637 331 2702 acfingitur
341 2668 356 2690 ,
371 2638 616 2698 exprimere.
631 2632 796 2682 Rumor
811 2642 918 2685 vero
934 2640 1064 2685 etiam

0 2714 12 2767 ἶᾖ
89 2710 289 2772 antiquus
313 2700 483 2752 tenebat
508 2705 727 2753 Antonios
763 2704 814 2751 ab
841 2707 1064 2757 Hercule„

0 2831 11 2846 ‚
84 2794 218 2845 genus
246 2776 417 2823 trahere
444 2810 460 2831 ,
489 2788 720 2842 prognatos
755 2775 807 2822 ab
843 2783 934 2842 ejus
959 2781 1064 2846 filio

10 2847 11 2855 ¹
88 2847 286 2896 Anteone
305 2865 318 2892 τ
357 2863 478 2912 quem
501 2840 578 2895 illo
600 2865 807 2896 rumorem
824 2849 1064 2899 videbatur

89 2920 302 2986 &figura
323 2919 508 2982 corporis
525 2951 541 2972 ,
579 2920 633 2967 (9¹
662 2916 815 2968 habitu
839 2925 1063 2989 confirma-

88 3006 161 3045 re3
199 3003 296 3034 nam
323 2990 483 3055 quoties
506 2990 555 3034 in
572 2989 834 3055 conspeffum
863 2994 1063 3042 multitu-

91 3056 212 3104 dinis
232 3058 328 3126 ff’t
338 3057 593 3121 proditurus
608 3093 624 3114 ‚
651 3065 841 3110 tunicam
858 3063 918 3111 ad
914 3061 1064 3131 femur

10 3170 12 3194 L
91 3129 260 3193 cingulo
289 3127 620 3196 adstringebat,
646 3129 752 3197 sago
780 3133 906 3200 denso
933 3137 1061 3184 ‘vela-

88 3195 218 3245 batur
235 3231 251 3252 ‚
284 3200 338 3247 &⁹
362 3215 512 3266 magno
539 3199 687 3268 gladio
707 3201 759 3267 [ὲ
786 3204 1030 3272 accingebat
1049 3241 1060 3252 .

91 3267 213 3388 Q?
229 3263 334 3385 sanzex
351 3267 603 3336 descriptio
621 3267 783 3320 nostrae
800 3276 936 3325 Iconi
957 3292 1060 3344 per-

91 3359 97 3362 >
205 3351 268 3384 ar.
316 3372 325 3380 .

1121 305 1243 359 fecte
1269 307 1523 357 consonat:
1553 304 1735 357 sienim
1755 308 1879 358 reste
1906 261 2108 379 perpesig

1123 380 1294 437 datur,
1331 381 1549 448 amplum
1570 380 1736 447 utique
1764 382 1959 429 vultum
1989 401 2107 450 prae-

1119 447 1213 499 fert
1227 487 1243 508 ,
1281 448 1469 499 decenti
1491 447 1634 497 barba
1653 449 1908 519 praeditum
1927 488 1944 510 ,
1979 455 2105 503 Her-

1119 522 1312 587 culique
1334 518 1629 589 persimilem
1647 558 1658 568 .
1691 521 1841 590 Qod
1859 519 1894 571 fi
1917 521 2106 574 habitus

1119 592 1319 659 qualitas
1365 588 1656 658 i11spestetur
1688 629 1705 650 ‚
1741 591 1907 661 sagum
1947 596 2108 664 virga‹

1119 674 1259 718 tum,
1296 661 1425 726 quod
1460 663 1704 719 militare,
1741 682 1793 710 ac
1828 668 2104 733 Imperato-

1121 733 1248 779 rium
1276 729 1455 799 infigne
1477 728 1565 781 effe
1592 730 1763 799 probat
1779 737 2019 785 Ferrarius
2035 737 2107 787 De

1120 821 1166 851 re
1178 805 1405 852 vessiaria
1417 838 1433 860 ‚
1450 800 1557 851 satis
1572 806 1645 850 M.
1664 806 1939 853 Antonium
1957 806 2108 856 osten-

1123 872 1225 930 dit,
1253 875 1335 939 qui
1362 871 1471 942 sago
1502 876 1550 921 in
1567 871 1821 942 conspecffl
1838 876 2008 944 Populi
2035 878 2108 925 uti
2176 886 2183 892 '

1122 940 1334 1002 solebat,
1373 945 1422 994 δε
1453 946 1645 1013 cingulo
1676 942 1849 994 femori
1880 949 2075 1016 alligato
2094 983 2105 994 .

1122 1017 1337 1062 Demum
1364 1012 1568 1082 superest
1602 1012 1825 1086 affignare
1854 1018 2109 1085 gladium3

1121 1102 1216 1151 quo
1233 1085 1545 1153 cingebatur3
1573 1086 1622 1135 ὃς
1650 1087 1724 1134 hic
1749 1085 1833 1134 sub
1854 1102 2104 1157 tegumen-

1122 1168 1174 1203 to
1189 1192 1205 1213 ,
1244 1157 1477 1223 praecipue
1501 1159 1528 1205 a
1549 1155 1742 1224 picturae
1768 1155 1982 1206 studiosis
1997 1194 2014 1216 ‚
2037 1155 2105 1206 fa-

1123 1227 1305 1275 cillime
1335 1224 1542 1294 conspici
1560 1224 1711 1294 potest
1727 1261 1738 1271 .

1233 1297 1591 1365 Explicationi,
1630 1313 1774 1362 quam
1804 1295 1863 1345 de
1891 1297 1976 1345 hac
2006 1299 2106 1345 Ta·-

1127 1368 1238 1417 bula
1268 1367 1519 1425 dedimus,
1557 1365 1759 1415 mirifice
1794 1364 2108 1434 suffragantur

1122 1437 1354 1488 adstantes
1373 1456 1432 1487 ex
1449 1452 1653 1504 utroque
1679 1436 1798 1506 bigae
1826 1439 1974 1488 latere
1994 1440 2109 1497 viri,

1119 1527 1326 1579 quorum
1363 1511 1482 1558 alter
1523 1510 1717 1558 alterius
1748 1523 1890 1577 caput
1927 1507 2110 1557 sinistra

1120 1583 1475 1649 comprimens,
1513 1581 1667 1628 veluti
1697 1578 1955 1638 feriturus,
1984 1581 2109 1628 mal-

1120 1654 1303 1702 leolum
1319 1687 1335 1708 ,
1355 1648 1453 1699 five
1474 1650 1591 1718 quid
1607 1648 1762 1699 fimile
1779 1687 1795 1707 ‚
1815 1647 2013 1700 dexter-d
2033 1664 2106 1698 at-

1122 1724 1279 1772 tollit:
1320 1739 1420 1786 quae
1434 1723 1617 1788 Figurae
1644 1721 1713 1765 nil
1738 1720 1868 1769 aliud
1890 1717 2107 1786 profesto

1122 1793 1381 1848 denotant,
1407 1788 1495 1838 nisi
1521 1791 1747 1837 humanas
1778 1789 1997 1837 victimas
2027 1809 2107 1838 oc-

1119 1860 1304 1905 casione
1335 1861 1566 1921 triumphi
1599 1856 1760 1904 caesas.
1799 1861 1939 1908 Forte
1975 1862 2106 1910 enim

1121 1929 1194 1975 M.
1213 1926 1708 1990 Antonius‚tanquam
1727 1926 1952 1975 Herculis
1969 1948 2109 1995 agna*

1122 1999 1306 2045 tionem
1331 1994 1668 2052 ostentaturus,
1684 1995 1899 2045 homines
1927 1997 2108 2047 obtulit

1121 2070 1171 2115 in
1186 2063 1516 2115 holocaustum
1537 2102 1552 2123 ,
1581 2064 1692 2113 cum
1716 2066 1977 2134 antiquitus
1999 2087 2105 2117 cru-

1120 2134 1364 2188 deliffimae
1381 2172 1395 2193 ‚
1411 2138 1460 2186 &
1479 2134 1664 2205 prorsus
1687 2134 1889 2187 infandae
1908 2140 2103 2207 religio-

1122 2212 1194 2258 nis
1222 2206 1445 2257 instinGtu
1457 2243 1473 2264 ,
1499 2208 1717 2256 humanis
1735 2207 1895 2256 hostiis
1910 2211 2104 2257 Hercu·-

1123 2283 1158 2329 li
1187 2276 1527 2328 sacrificaretur
1551 2314 1568 2336 ,
1607 2291 1661 2326 ut
1689 2277 1747 2327 de
1779 2280 1936 2329 Poenis
1954 2279 2101 2329 testa-

1123 2366 1202 2399 tur
1226 2350 1405 2397 Plinius
1420 2348 1503 2396 liba
1526 2357 1606 2407 36.
1626 2368 1665 2397 c.
1689 2365 1733 2410 5.

1190 2419 1409 2470 Notandi
1438 2418 1609 2469 itidem
1636 2421 1683 2467 in
1712 2417 1868 2469 nostro
1892 2420 1981 2469 hoc
1996 2423 2102 2469 leo-2

1118 2488 1270 2540 nismo
1306 2490 1402 2539 duo
1429 2492 1537 2556 equi
1564 2491 1721 2539 veluti
1755 2492 1999 2540 ramulum
2028 2489 2102 2538 sti-

1119 2581 1202 2631 pra
1233 2576 1376 2630 caput
1406 2560 1668 2622 habentes;
1704 2580 1849 2628 quem
1879 2562 2100 2610 nonnulli

1118 2652 1307 2682 ramum
1333 2635 1552 2682 laureum
1574 2645 1743 2699 putant
1758 2669 1774 2691 ‚
1803 2636 1851 2680 in
1873 2631 2100 2701 lignum-2

1118 2705 1358 2754 victoriae.
1401 2706 1501 2751 Nos
1514 2716 1684 2752 tamen
1716 2701 1873 2770 potius
1900 2704 2101 2753 Pictoris

1118 2776 1314 2825 libitum
1328 2770 1463 2824 fuiffe
1482 2787 1704 2841 putamus
1721 2791 1780 2822 ex
1796 2773 1982 2823 duobus
1997 2777 2101 2824 Ico-

1118 2847 1280 2895 nismis
1299 2843 1468 2893 Abatis
1489 2844 1745 2911 Raphaelis
1763 2843 1975 2894 Fabretti
2011 2847 2098 2892 iri-2

1117 2915 1197 2966 sua
1213 2920 1416 2969 Columna
1436 2915 1631 2982 Trajana
1643 2952 1659 2973 ,
1676 2913 1774 2965 five
1795 2914 1943 2967 Tabel.
1960 2915 2091 2965 Iliad.

1117 3007 1221 3057 pag.
1249 3004 1362 3052 340.
1380 2988 1431 3037 ὃς
1449 2992 1564 3043 238.
1595 3005 1697 3053 quae
1714 2984 1825 3036 cum
1856 2986 1915 3035 ad
1930 3001 2096 3032 manus

1114 3059 1290 3108 nostras
1313 3055 1663 3127 pervenissent,
1692 3058 1776 3106 illa
1813 3057 1970 3106 eidem
1989 3089 2005 3110 ,
2033 3053 2094 3103 de

1115 3132 1316 3179 Domini
1337 3125 1528 3179 licentia
1544 3164 1560 3185 ,
1589 3145 1701 3175 cum
1723 3124 1981 3191 exemplari
2001 3140 2091 3172 aere

1114 3199 1260 3250 inciso
1278 3200 1740 3250 communicavimus
1754 3232 1763 3241 .
1785 3199 1841 3242 In
1858 3194 2012 3261 primo
2031 3210 2092 3241 ex

1115 3269 1362 3323 Iconismis
1387 3268 1620 3338 praedietis
1648 3267 1905 3332 exponitur
1922 3265 2087 3381 lvitrela

1586 3337 1639 3384 H
1943 3350 2044 3382 ame
2066 3360 2086 3372 υ
