2425 3747
311 264 378 310 6'0

312 333 361 378 in
377 329 561 377 annulis
577 326 918 376 Gnosticorum
935 323 1167 389 DeusJao
1180 354 1195 376 ,
1211 322 1292 386 qui

310 399 439 448 idem
462 417 573 446 cum
593 399 701 446 Sole
719 409 851 450 erat,
881 387 1042 458 saepius
1067 408 1179 438 cum
1205 390 1293 437 hac

306 467 459 520 ferula
479 469 686 518 occurrit
703 502 714 511 .
740 461 928 514 Vifitur
950 459 1033 509 sub
1053 479 1188 509 num.
1212 480 1230 508 ι
1244 475 1288 518 3.

310 545 483 609 Figura
502 537 716 606 quaedam
741 534 897 582 veluti
922 530 1151 601 gestiens,
1187 549 1290 599 quae

308 610 501 661 forsitan
530 606 759 674 gaudium
797 602 858 652 ob
888 605 1085 652 Horum
1127 620 1286 670 reper-

311 701 416 734 tum
431 675 656 746 fignificat
671 697 680 723 :
697 676 748 725 &
767 671 850 722 sub
870 692 1002 722 num.
1027 692 1101 736 14.
1119 671 1288 722 adsunt

309 755 412 805 aliae
440 749 543 796 duae
571 747 754 814 Figurae
788 763 972 794 cernuae
991 780 1006 802 ,
1044 763 1097 791 ac
1130 762 1288 812 pronae

308 828 359 874 in
378 818 565 889 iignum
589 817 881 865 adorationis
900 851 915 872 ,
955 832 1158 881 quarum
1186 833 1289 882 quae

308 898 336 944 ὲ
356 894 475 941 laeva
491 887 573 946 est,
588 905 786 936 manum
799 888 870 935 ori
887 885 1169 943 admovens,
1184 886 1287 934 cul-

309 964 383 1015 tus
405 959 546 1031 ipsius
565 959 726 1008 astum
753 958 1024 1025 exprimere
1051 955 1182 1005 credi
1208 974 1292 1025 po-

309 1035 426 1086 test:
460 1028 609 1078 ambae
642 1028 762 1078 vero
795 1027 1025 1077 videntur
1054 1029 1103 1074 in
1132 1025 1293 1095 stagno

309 1102 521 1176 quodam
541 1102 706 1149 locatae
723 1135 740 1158 ‚
775 1097 896 1148 fort&
920 1099 979 1146 ad
1001 1116 1142 1164 aquas
1172 1098 1295 1145 allu⁶

311 1179 456 1226 dente
471 1210 486 1231 ,
513 1175 561 1221 in
583 1170 755 1237 quibus
771 1172 936 1220 Horus
951 1182 1167 1237 repertus
1184 1167 1296 1225 fuit,

312 1250 434 1297 dum
459 1239 678 1292 amiffum
695 1278 712 1299 ,
740 1259 793 1288 ac
812 1238 910 1288 fato
935 1238 1158 1289 functum
1171 1275 1188 1297 ‚
1220 1235 1297 1286 fu-

312 1315 449 1368 nebri
466 1311 616 1362 naeniii
635 1311 1004 1361 labentabantur
1022 1347 1032 1357 .

373 1388 483 1436 Nec
505 1381 691 1433 silentio
708 1381 1038 1450 praetereunda
1055 1380 1164 1429 sunt
1178 1399 1302 1449 quae-

313 1458 428 1508 dam
453 1453 562 1505 vasa
581 1490 598 1512 ,
633 1450 804 1502 iisdem
834 1451 1126 1521 imaginibus
1154 1454 1302 1506 inter-

311 1525 466 1599 posita
481 1562 497 1584 ‚
515 1542 616 1592 quae
637 1525 831 1592 aquaria
847 1520 935 1573 effe
953 1560 969 1582 ,
983 1525 1097 1575 &in
1116 1523 1306 1591 pompis

309 1598 427 1648 ferri
458 1596 623 1653 solita,
651 1596 900 1663 colligitur
916 1613 972 1643 ex
994 1596 1229 1645 Vitruvio
1258 1595 1307 1640 in

310 1671 522 1717 Prooem.
545 1665 680 1716 lib.8.
699 1666 825 1714 unde
839 1661 1193 1732 fortaffeJulius
1214 1666 1313 1714 Fir-

310 1741 464 1787 micus
492 1735 577 1782 lib.
610 1753 655 1781 2-
687 1737 941 1800 AEgyptios
981 1753 1154 1800 aquam
1188 1734 1302 1782 ado-

309 1803 427 1857 rasse
452 1799 645 1852 asservit
667 1839 678 1849 .
718 1801 866 1851 Porro
896 1803 991 1851 haec
1023 1803 1133 1853 vasa
1165 1823 1302 1854 non-³

310 1880 452 1927 unius
476 1874 650 1943 speciei
669 1871 807 1932 sunt,
845 1887 1051 1936 quatuor
1079 1877 1211 1925 enim
1239 1876 1305 1923 al-

309 1951 437 2000 tiora
463 1946 649 1991 collum
673 1940 847 1988 aretius
871 1935 1080 1995 habent,
1109 1938 1302 1984 labrum

311 2011 619 2067 latissimum:
635 2010 826 2076 reliquis
843 2004 962 2056 vero
980 2005 1187 2065 duobus,
1199 2024 1302 2074 quae

312 2085 576 2136 humiliora
591 2077 726 2137 sunt,
748 2080 891 2127 latius
909 2079 1092 2127 collum
1116 2076 1182 2126 est
1196 2114 1212 2135 ,
1230 2078 1300 2125 la-

315 2157 457 2204 brum
497 2150 736 2220 angustius
765 2186 776 2196 .
820 2151 1003 2198 Omnia
1043 2162 1207 2198 autem
1243 2147 1305 2196 ad

314 2225 555 2276 Niloticas
590 2239 726 2268 urnas
757 2216 924 2269 referri
949 2217 1168 2288 possunt,
1201 2236 1304 2286 quae

313 2296 431 2346 ideo
447 2296 496 2343 in
516 2293 780 2361 pompis,ac
796 2291 1203 2359 Hieroglyphicis
1225 2308 1304 2357 ap-

315 2364 635 2437 ponebantur,
650 2375 705 2410 ut
725 2362 935 2411 maxime
952 2375 1304 2430 opportunum,

315 2458 369 2488 ac
400 2436 602 2484 salutare
637 2429 901 2481 subsidium
928 2429 1302 2501 significaretur,

315 2507 446 2576 quod
482 2504 777 2572 AEgyptiacis
813 2505 938 2551 arvis
975 2498 1144 2552 afferre
1185 2501 1308 2552 solet

320 2580 463 2628 Nilus
482 2573 755 2630 exundans,
782 2591 834 2620 ac
861 2571 946 2621 diu
972 2573 1211 2640 stagnans3
1250 2587 1306 2622 ut

320 2649 440 2698 benc}
467 2645 610 2695 sentit
639 2644 899 2692 Kircherus
930 2644 980 2690 in
1006 2642 1090 2692 suo
1109 2643 1306 2714 Obelisbo

323 2720 571 2781 Pamphilio
600 2714 682 2762 lib.
707 2730 751 2774 ς.
785 2710 1113 2763 Schematism.
1137 2734 1176 2762 1.
1201 2734 1303 2783 pag.

322 2797 443 2853 446.
477 2793 534 2836 In
553 2783 890 2854 peristromatis
912 2782 1177 2834 inversione
1196 2787 1306 2834 hinc

325 2859 439 2908 inde
465 2856 549 2904 sub
576 2857 786 2904 numeris
823 2871 898 2916 15.
928 2856 978 2905 &
1004 2872 1079 2916 15.
1108 2855 1304 2906 cuidam

325 2933 437 2980 Arae
453 2963 469 2985 ,
498 2925 582 2975 seu
607 2922 702 2973 basi
724 2923 1040 2994 superpositus
1066 2923 1154 2975 stat
1173 2929 1303 2978 Har-

326 3010 571 3069 pocrate5‚
605 2993 704 3044 sive
724 2997 918 3053 Horus,
951 3015 1098 3046 manu
1125 3000 1198 3046 ori
1219 2998 1303 3047 ad-

327 3066 461 3120 mota
488 3064 731 3115 silentium
757 3067 968 3115 indicans
987 3104 997 3114 .
1036 3070 1308 3138 Harpocra-

328 3157 432 3191 tem
465 3139 599 3187 enim
635 3138 757 3185 inter
794 3138 1029 3205 praecipua
1064 3140 1304 3188 numina-2

331 3210 544 3279 AEgygtii
573 3222 1004 3266 connumerarunt,
1032 3226 1176 3275 quem
1194 3209 1307 3259 cum

332 3286 593 3332 immaturo
605 3313 621 3337 ‚
643 3296 694 3328 ac
709 3279 826 3347 pene·
844 3277 1067 3330 abortivo
1084 3276 1185 3332 fetu
1200 3279 1303 3331 edi-

719 251 1149 309 VETERA
1223 246 1925 300 MONIMENTA

1345 333 1419 367 tus
1439 318 1577 377 esset,
1605 333 1745 387 atque
1766 319 1876 369 ideo
1896 320 2101 387 elinguis
2118 356 2133 378 ,
2151 317 2329 369 silentii

1346 393 1507 439 Deum
1522 404 1900 458 reputaverunt,
1917 408 2124 456 eumque
2144 392 2192 438 in
2211 405 2332 440 tem·

1345 462 1537 530 plorum
1557 459 1805 510 vestibulis
1825 459 2128 512 collocabant
2142 497 2158 518 ‚
2179 476 2233 509 ut
2250 465 2332 510 Sa-

1342 531 1643 588 cerdotibus,
1674 530 1947 600 caeterisque
1969 529 2212 580 sacrorum
2233 535 2333 580 Mi-

1342 600 1495 650 nistris
1511 637 1527 660 ,
1554 619 1605 651 ac
1625 601 1968 670 spestatoribus
1997 604 2183 650 rituum
2204 619 2334 651 arca-

1342 691 1517 722 norum
1536 709 1551 730 ,
1581 671 2024 740 mysteriorumque
2043 671 2333 723 silentium-2

1342 742 1564 793 suaderet
1585 779 1596 790 .
1631 743 1714 791 Ad
1735 746 2053 812 Harpocratis
2070 745 2194 793 latus
2225 742 2336 793 visi·

1343 831 1421 865 tur
1452 814 1668 882 quaedam
1698 813 1936 882 parastafis
1953 851 1969 873 ,
2008 832 2110 882 quae
2142 812 2332 866 fortasse

1342 894 1493 953 januae
1522 883 1759 933 indicium
1785 884 1852 934 est
1871 921 1886 942 ,
1925 884 2035 934 cum
2055 887 2337 954 Harpocraa

1347 960 1405 1006 tis
1442 954 1646 1005 statuam
1683 957 1831 1024 prope
1866 961 2029 1018 januas
2069 958 2341 1007 collocare-2

1348 1026 1716 1078 consueverint.
1739 1026 1986 1094 Spectatur
2006 1025 2089 1076 sub
2113 1033 2339 1076 num.16'.

1349 1100 1585 1168 Propheta
1614 1115 1727 1145 cum
1746 1098 1926 1165 hydria
1944 1133 1961 1154 ,
1998 1116 2143 1165 quem
2175 1096 2236 1147 fic
2258 1098 2339 1147 de-

1349 1169 1512 1220 scribit
1545 1170 1770 1220 Clemens
1808 1169 2167 1217 Alexandrinus
2205 1172 2339 1217 Stro-

1351 1256 1466 1292 mat.
1490 1239 1573 1289 lib.
1589 1248 1638 1289 6.
1661 1240 1772 1290 Pon
1792 1258 1934 1287 omnes
1965 1241 2197 1307 (inquit)
2226 1241 2345 1289 exiit

1352 1314 1595 1379 Propheta,
1627 1315 1700 1378 qui
1718 1316 1861 1377 apert&
1894 1309 2056 1379 instnu
2083 1312 2233 1377 gestat
2261 1311 2343 1377 hy—

1353 1387 1499 1437 driam
1517 1388 1609 1434 &a
1642 1380 1866 1430 Tandem
1886 1379 1969 1428 sub
1992 1399 2126 1430 num.
2157 1400 2232 1441 17.
2264 1397 2343 1428 oc-

1356 1457 1510 1506 currit
1541 1449 1624 1503 Ifis
1657 1470 1768 1499 cum
1788 1452 2018 1520 amphora
2034 1489 2051 1510 ,
2085 1453 2136 1503 ὃς
2157 1452 2343 1519 sceptro

1358 1539 1591 1578 exornato
1624 1520 1828 1591 desuper
1861 1524 1972 1572 Loti
2005 1522 2126 1572 flore
2147 1558 2164 1580 ‚
2200 1523 2280 1589 qui
2300 1518 2346 1568 ei

1361 1597 1491 1648 sacer
1510 1595 1604 1652 est,
1638 1608 1692 1642 ut
1709 1597 1758 1642 in
1778 1594 1883 1642 aliis
1909 1595 2223 1642 monimentis
2254 1592 2346 1639 cla-

1363 1667 1460 1718 rius
1481 1679 1679 1734 apparet
1695 1701 1707 1711 .

1430 1737 1519 1787 Sed
1538 1742 1636 1799 jam
1655 1733 1714 1782 ad
1733 1734 1936 1783 alteram
1960 1731 2203 1782 Tabulam
2220 1770 2236 1792 ,
2255 1730 2341 1780 sci-

1357 1811 1472 1858 licet
1485 1810 1687 1859 XXIV.
1706 1804 1988 1855 accedamus
2002 1840 2019 1862 ,
2041 1822 2142 1871 quae
2162 1805 2343 1873 pariter
2408 1846 2410 1849 ,

1356 1883 1407 1930 in
1435 1879 1609 1929 eadem
1631 1873 1827 1925 Basilica
1851 1876 2089 1923 Siciniana
2124 1873 2349 1929 extabat,

1355 1954 1405 1990 at
1420 1938 1568 1987 mod&
1590 1939 1762 1986 Vifitur
1788 1946 1837 1985 in
1861 1941 2138 2005 supradisto
2163 1945 2348 1989 Palatio

1357 2008 1633 2062 Cardinalis
1654 2008 1815 2056 Nerlii
1832 2043 1848 2065 ,
1876 2010 1924 2056 in
1943 2008 2226 2060 summitate
2246 2009 2343 2059 sca-

1357 2084 1516 2131 larum
1543 2076 1861 2127 finisti-orsam
1879 2114 1896 2136 ,
1933 2077 2072 2147 supra
2093 2083 2347 2149 primam„

1356 2150 1624 2203 ambulacri
1659 2153 1895 2214 januam3
1932 2148 2032 2218 ipsa
2064 2154 2254 2220 quoqu&
2288 2169 2350 2202 ex

1355 2241 1502 2293 opere
1519 2220 1672 2270 sestili
1684 2255 1701 2278 ‚
1721 2239 1774 2269 ac
1792 2221 1938 2268 variis
1957 2238 2261 2272 marmorum
2282 2226 2350 2272 ine

1355 2289 1723 2344 crustationibus
1740 2288 2003 2359 composita
2018 2328 2028 2339 .
2050 2294 2169 2342 Haec
2186 2293 2349 2344 Tabu-

1359 2368 1404 2415 la
1424 2361 1699 2414 fabulosum
1716 2363 1867 2429 Hylae
1887 2376 2079 2431 raptum
2098 2368 2317 2414 continet
2331 2401 2350 2423 ,

1358 2454 1506 2506 quem
1538 2452 1655 2492 nos,
1685 2447 1941 2499 antequam
1972 2432 2031 2482 ad
2059 2435 2349 2503 Figuratum

1360 2506 1720 2574 indagationem
1742 2503 2055 2553 deveniamus
2071 2541 2088 2562 ‚
2111 2504 2188 2554 hic
2213 2524 2350 2574 repo-

1356 2595 1468 2628 nere
1485 2571 1794 2625 neceffar1um
1812 2573 2348 2627 existimavimus.Her-

1359 2650 1488 2699 cules
1515 2649 1607 2702 (ut
1625 2642 1788 2693 scribit
1806 2646 2101 2712 Apollonius
2127 2648 2349 2696 Rhodius

1360 2723 1628 2786 Argonaut.
1652 2714 1734 2763 lib.
1758 2736 1799 2764 1.
1819 2715 2067 2765 Theocrit.
2085 2717 2239 2784 Idyll.
2267 2730 2343 2775 13.

1361 2789 1588 2842 Valerius
1604 2787 1730 2835 Flac.
1747 2785 1830 2835 lib.
1855 2802 1898 2844 3.
1918 2788 1968 2836 &
1990 2789 2096 2851 alii)
2114 2804 2228 2836 cum
2245 2793 2344 2837 Ar-

1355 2860 1602 2932 gonautis,
1615 2854 1978 2927 quorumJason
2001 2857 2100 2907 dux
2117 2873 2245 2916 erat,
2262 2876 2345 2905 na-

1357 2933 1624 3000 vigaturus,
1638 2930 1819 2996 Ceycis
1840 2926 1995 2976 filium
2012 2931 2208 2978 nomine
2227 2931 2343 2996 Hy-

1357 3005 1456 3051 lam
1483 2997 1643 3049 secum
1680 3000 1855 3058 duxit,
1892 2998 2066 3068 speciei
2096 2998 2343 3068 singularis

1358 3071 1793 3122 adolescentulum.
1833 3075 1905 3120 At
1931 3068 2041 3118 curn
2075 3084 2340 3120 ventorum.

1357 3145 1440 3201 vi,
1472 3160 1525 3190 ac
1558 3143 1700 3189 maris
1730 3141 1959 3191 fiustibus
1987 3137 2071 3190 diu
2102 3141 2334 3206 jastatus,

1359 3215 1523 3262 littora
1556 3212 1749 3261 tandem
1786 3206 2006 3262 tenuisset
2038 3246 2054 3268 ,
2094 3219 2192 3278 ejus
2224 3209 2341 3260 socii

1360 3299 1413 3333 ut
1437 3288 1462 3336 a
1487 3282 1730 3334 laboribus
1762 3283 1809 3335 se
1839 3279 2120 3343 reficerent,
2149 3297 2339 3333 coenam

2208 3369 2341 3420 para-
