2425 3747
333 360 353 390 1

326 357 562 458 ‘egiumnae
583 408 703 458 inter
720 408 763 458 se
780 407 1046 474 discrepant
1061 443 1072 453 .
1102 409 1236 476 Qiin
1251 408 1302 458 &

330 482 380 529 in
409 480 640 548 Zophoro
668 478 883 527 ambonis
919 474 1152 545 insculpta
1190 497 1300 546 pro-

327 551 514 601 minent
529 548 637 598 vasa
662 548 1039 614 quamplurima,
1074 562 1212 615 atque
1230 550 1301 595 in-

326 620 587 670 strumenta
618 620 765 666 Sacris
791 619 1068 666 Gentilium
1086 617 1303 669 adhiberi

325 690 466 741 solita
492 726 508 749 ,
543 702 598 736 ut
635 686 790 736 videri
824 687 976 756 potest
1009 691 1056 736 in
1090 686 1301 756 sequenti

322 761 451 810 Tab.
476 761 622 809 XIII.
655 759 755 826 Fig.
784 777 823 806 1.
848 760 920 807 lit.
943 762 1001 809 C.
1023 762 1083 806 D.
1108 762 1179 807 Ex
1209 779 1301 827 quo

325 833 428 897 quis
443 846 537 877 non
553 842 718 897 arguat
731 864 747 886 ,
773 847 984 877 marmor
1004 830 1126 877 illud
1142 849 1199 879 ex
1217 832 1300 879 ali-

324 918 420 967 quo
459 900 774 947 Ethnicorum
817 897 1016 950 aedificio
1053 896 1186 950 fuisse
1221 899 1302 950 de-

324 970 600 1038 sumptum?

396 1043 513 1090 Haec
545 1040 692 1108 igitur
723 1039 1024 1106 praenotanda
1065 1040 1300 1103 judicavi-

322 1129 455 1168 mus,
486 1123 539 1156 ut
567 1108 677 1157 cum
706 1107 975 1174 hujusmodi
998 1109 1299 1160 diffimilium

323 1182 536 1249 partium
561 1183 992 1248 coagmentationes
1013 1217 1029 1240 ,
1069 1196 1171 1230 tum
1209 1184 1296 1231 in..‚

323 1254 410 1301 hac
427 1253 469 1298 S.
485 1251 749 1299 Clementis
762 1285 777 1307 ‚
802 1263 907 1298 tum
924 1254 972 1298 in
994 1254 1172 1301 caeteris
1192 1271 1294 1321 per-

323 1318 517 1371 vetustis
536 1317 739 1367 Bafilicis
755 1318 919 1387 paffim
936 1337 1187 1370 occurrant
1200 1360 1216 1382 ,
1240 1325 1296 1372 ne

322 1393 491 1440 harum
503 1388 817 1438 Ecclefiarum
830 1391 1059 1440 vestibula
1071 1395 1295 1444 intrantes

318 1459 594 1529 scrupulosa
607 1495 623 1517 ,
640 1479 690 1507 ac
708 1461 867 1508 inutili
885 1462 1294 1514 animadverfione

314 1528 526 1581 haereant
540 1566 557 1589 ‚
572 1526 650 1578 sed
665 1528 820 1598 potitis
834 1531 893 1580 ad
910 1534 1122 1582 utiliores
1139 1537 1296 1601 praeci-

318 1619 525 1671 puarum
545 1602 837 1649 internarum
854 1604 1063 1669 partium
1079 1603 1296 1654 observa-

316 1675 473 1723 tiones
489 1669 736 1720 nobiscum
750 1707 766 1728 ‚
782 1670 815 1719 fi
836 1672 953 1722 libet
967 1709 983 1731 ,
1005 1676 1291 1741 procedant.

441 1742 835 1809 Ichnographiam
888 1745 1045 1809 itaque
1098 1748 1294 1812 exponit

318 1810 445 1860 Tab.
466 1815 557 1861 XI.
592 1809 672 1858 ubi
701 1812 772 1858 lit.
791 1814 853 1859 A.
890 1813 1184 1882 Prothyrum
1214 1815 1296 1864 de-

317 1895 454 1930 notat
469 1917 486 1940 ,
506 1878 603 1930 five
621 1898 819 1949 parvam
840 1885 1079 1948 porticum
1096 1921 1113 1943 ,
1142 1888 1189 1932 in
1206 1904 1298 1952 qua

317 1951 428 1999 sunt
451 1964 656 2018 quatuor
682 1952 914 2000 columnae
945 1971 1003 2002 ex
1032 1954 1297 2004 Numidico

316 2038 582 2071 marmore.
624 2020 757 2070 Bases
782 2019 898 2070 vero
922 2041 1017 2074 non
1047 2023 1297 2084 visuntur,

315 2093 430 2159 quia
467 2105 591 2139 terra
627 2109 700 2140 eas
735 2090 895 2140 obruit
927 2130 938 2141 .
996 2097 1114 2144 Duae
1164 2098 1294 2144 colu-

314 2178 438 2210 mnae
464 2162 723 2210 anteriores
741 2164 948 2229 capitula
970 2163 1290 2234 haberitJoni-

315 2250 373 2279 ca
396 2267 413 2290 ‚
455 2234 505 2282 &
537 2232 750 2280 invicem
774 2233 1122 2284 connectuntur
1146 2234 1294 2286 ferrea

315 2299 523 2368 quadam
534 2301 670 2368 virgii
681 2301 1115 2374 quadrata,utramq
1122 2325 1179 2357 ue
1196 2322 1294 2355 tan-

317 2384 460 2440 gente
491 2368 583 2420 suis
613 2374 837 2421 extremis
861 2411 873 2421 .
912 2377 1183 2425 Excurrunt
1210 2395 1292 2446 per

315 2448 519 2491 ierream
556 2443 745 2509 virgam
784 2447 945 2492 annuli
984 2461 1074 2495 tres
1116 2451 1293 2515 pariter

313 2509 489 2569 ferrei,
516 2529 720 2579 quorum
739 2531 829 2580 ope
847 2515 1048 2582 appensa
1068 2519 1185 2566 olim
1208 2518 1290 2567 de-

316 2581 595 2630 tinebantur
611 2583 719 2630 vela
735 2617 751 2639 ,
770 2582 885 2631 dum
899 2583 1024 2634 festis
1041 2586 1205 2636 diebus
1223 2587 1294 2635 so-

316 2652 611 2701 lennioribus
643 2653 827 2720 templa
854 2654 1006 2722 prisco
1035 2658 1131 2704 ritu
1157 2676 1295 2706 orna-

317 2734 483 2769 rentur
510 2758 519 2769 .
571 2723 694 2771 Aliae
732 2724 834 2770 duae
880 2726 1115 2775 columnae
1154 2746 1293 2776 muro

316 2790 892 2850 adhaerentes‚C0rinthiis
912 2794 1151 2844 donantur
1166 2800 1292 2865 capi-

316 2861 461 2917 tulis,
499 2861 667 2926 quibus
701 2864 960 2914 imminent
981 2884 1294 2917 marmorea*

317 2928 552 2997 Epistylia
568 2949 679 2979 curn
693 2934 936 3000 Zophoris
951 2972 967 2993 ,
991 2937 1040 2987 ὃς
1058 2940 1261 2987 Coronis
1280 2975 1289 2985 .

363 3000 577 3049 Fulcitur
591 2998 713 3050 hisce
733 3003 942 3068 partibus
958 3006 1288 3065 testudo‚Cru-

318 3071 445 3119 eisin
464 3087 649 3121 morem
665 3068 1158 3140 aflurgens,decussata
1176 3097 1291 3127 con-

317 3142 637 3190 cameratione
652 3176 668 3199 ,
690 3143 741 3193 ὅ(
759 3142 941 3210 pictura
961 3147 1080 3194 olim
1095 3162 1258 3196 ornata
1275 3185 1291 3206 ,

319 3215 449 3273 cujus
475 3223 634 3260 tamen
664 3211 859 3281 vestigia
889 3216 1043 3265 tradtu
1060 3221 1290 3286 temporis

317 3277 488 3328 senfim
504 3281 632 3329 erosa
645 3318 661 3340 ,
677 3285 761 3330 vix
781 3283 924 3334 hodIe
940 3284 1189 3355 supersunt
1202 3325 1212 3335 .
1233 3293 1290 3338 In

317 3351 535 3399 interiori
551 3366 682 3420 parte
695 3353 921 3424 Epistylii
942 3355 1288 3410 dextrorsum

719 336 1142 391 VETERA
1211 330 1921 392 MONIMENTA

1355 410 1542 477 depichg
1555 412 1662 458 sunt
1673 430 1782 460 aves
1796 411 2101 471 nonnullae‚se
2117 413 2330 466 invicem

1355 479 1645 547 insequentes
1673 517 1683 528 .
1724 485 1795 530 At
1823 481 2071 551 Epistyliis
2110 485 2330 552 impofita

1357 548 1553 599 interius
1588 550 1695 599 sunt
1726 554 2034 621 triangularia
2065 568 2329 622 tympana,

1356 619 1453 669 five
1467 618 1643 671 frontes
1661 658 1677 680 ,
1705 625 1981 672 marmoreis
1996 623 2220 673 mensulis
2235 628 2328 675 ela·

1357 690 1530 740 boratae
1546 727 1556 737 .
1580 694 1766 740 Fornici
1789 694 1991 759 denique
2011 696 2190 744 tectum
2207 693 2329 744 fasti-

1352 764 1537 831 giatum
1564 762 1828 811 incumbit.
1860 764 2088 832 Prothyri
2118 765 2327 816 latitudo

1354 834 1417 883 est
1434 833 1525 900 pal.
1542 850 1588 890 7.
1606 833 1857 901 longitudo
1875 834 1990 882 vero
2014 855 2032 883 1
2045 857 2088 885 ο.
2104 837 2262 885 Litera
2275 839 2327 883 B.

1344 908 1552 975 januam
1568 901 1763 951 denotat
1780 903 2037 953 lititudinis
2051 906 2143 973 pal.
2157 925 2174 952 1
2187 927 2231 953 0.
2248 925 2331 973 per

1355 992 1496 1041 quam
1523 985 1654 1040 patet
1681 971 1900 1042 ingressus
1918 974 1976 1022 ad
1997 976 2332 1023 ambulacrum

1356 1042 1669 1112 longitudinis
1696 1046 1841 1112 palm.
1863 1049 1996 1111 20}‚
2024 1064 2081 1095 ex
2110 1064 2204 1111 quo
2232 1047 2332 1092 iture

1351 1118 1400 1164 in
1419 1115 1713 1182 impluvium
1731 1151 1740 1160 .
1762 1117 2023 1165 Dexteram
2040 1129 2226 1184 partem
2247 1133 2327 1166 or-

1348 1199 1430 1234 nat
1465 1185 1675 1253 porticus
1712 1188 1769 1233 C.
1799 1184 1915 1235 senis
1945 1187 2220 1236 Numidicis
2251 1183 2327 1232 su-

1349 1258 1545 1306 stentata
1559 1256 1820 1313 columnis,
1840 1275 2043 1323 quarum
2059 1257 2211 1324 prima
2225 1253 2330 1322 post

1352 1322 1605 1395 ingressum
1635 1323 1817 1373 duabus
1854 1328 1878 1374 e
1906 1328 2043 1376 Pario
2083 1342 2327 1374 marmore

1350 1396 1563 1466 partibus
1577 1395 1870 1444 constat.Sub
1888 1399 2054 1447 eadem
2076 1396 2267 1464 porticu
2280 1396 2328 1441 in

1349 1466 1509 1516 medio
1541 1465 1671 1514 scalae
1701 1464 1793 1514 fitae
1822 1467 1929 1514 sunt
1955 1472 2015 1516 D.
2043 1484 2130 1536 per
2148 1482 2261 1531 quas
2279 1466 2326 1511 in

1350 1535 1645 1588 Coenobium
1674 1534 1967 1585 ascenditur.
2003 1539 2055 1583 E.
2085 1535 2148 1585 est
2169 1532 2327 1603 ipsum

1349 1609 1647 1677 impluvium
1665 1607 1974 1674 longitudinis
2001 1609 2094 1674 pal.
2117 1611 2197 1661 83.
2218 1605 2327 1651 lati-

1349 1680 1526 1726 tudinis
1540 1683 1619 1736 87.
1635 1681 1683 1725 F.
1704 1676 1768 1725 est
1786 1676 2006 1744 ingressus
2022 1679 2067 1724 in
2084 1676 2326 1744 porticum

1348 1751 1410 1796 G.
1432 1747 1513 1796 ubi
1535 1745 1642 1794 sunt
1661 1760 1866 1812 quatuor
1885 1749 2116 1797 columnae
2148 1745 2326 1792 Numi-

1353 1818 1448 1866 dici
1473 1819 1725 1865 marmoris
1747 1835 1857 1865 cum
1874 1820 2059 1887 jonicis
2076 1816 2327 1882 capitulis;

1353 1886 1535 1936 basibus
1552 1888 1668 1936 vero
1690 1890 1877 1935 Doricis
1893 1926 1903 1935 .
1942 1891 2050 1937 Hac
2066 1889 2113 1935 in
2137 1887 2327 1951 porticu

1350 1971 1531 2006 veteres
1547 1956 1734 2024 public&
1751 1958 2037 2006 Poenitentes
2052 1953 2296 2004 adstabant
2309 1989 2327 2011 ,

1351 2029 1431 2095 qui
1451 2027 1509 2075 ad
1527 2028 1861 2095 poenitentiam
1884 2025 2096 2084 admiffi,
2126 2025 2324 2091 palam

1349 2099 1548 2146 crimina
1577 2094 1881 2155 confitentes,
1913 2100 2073 2146 cilicio
2101 2096 2327 2144 &cinere

1345 2168 1548 2228 horridi,
1565 2166 1914 2236 plorantesque,
1932 2169 2126 2215 veniam
2145 2183 2196 2211 ac
2212 2182 2320 2231 pre-

1346 2258 1418 2288 ces
1434 2237 1490 2286 ab
1508 2236 1861 2287 introeuntibus
1875 2235 2324 2306 exposcebantPor-

1347 2312 1466 2358 ticus
1499 2312 1524 2358 ὲ
1553 2306 1742 2356 finistris
1770 2305 2058 2377 assurgebat,
2088 2322 2214 2353 nunc
2241 2303 2323 2352 de-

1345 2381 1539 2428 molita.
1557 2381 1625 2428 H.
1643 2381 1942 2446 campanaria
1960 2377 2130 2432 turris,
2152 2371 2230 2422 sed
2249 2390 2325 2422 re·
2398 2424 2402 2433 ,

1346 2451 1616 2500 centiorum
1634 2462 1904 2515 temporum
1922 2466 2039 2515 opus
2056 2483 2066 2493 .

1417 2521 1546 2568 Tota
1574 2516 1776 2566 Ecclesia
1798 2514 2237 2586 parallelogrammi
2271 2509 2323 2558 fi-

1347 2608 1516 2661 guram
1542 2587 1729 2637 obtinet
1751 2623 1767 2646 ,
1804 2593 1934 2652 cujus
1974 2583 2229 2654 longitudo
2259 2581 2325 2629 est

1349 2664 1440 2730 pal.
1453 2664 1559 2708 188.
1578 2657 1784 2706 latitudo
1801 2657 1916 2706 vero
1939 2677 1956 2706 1
1969 2654 2233 2716 03.Tribus
2250 2651 2324 2700 di·-

1346 2731 1598 2797 stinguitur
1633 2727 1852 2775 Navibus
1891 2729 1996 2775 rudi
2041 2729 2168 2775 mole
2207 2741 2323 2771 con·

1345 2799 1600 2855 struffls‚&
1618 2800 1700 2844 vix
1717 2799 1872 2846 ullum
1890 2799 2012 2845 inter
2034 2796 2077 2846 se
2096 2797 2322 2846 ordinem

1346 2867 1667 2919 servantibus:
1692 2867 1910 2916 mediana
1926 2885 2128 2934 namque
2150 2869 2243 2914 lata
2257 2862 2324 2913 est

1344 2941 1488 3008 palm.
1511 2953 1589 2999 53.
1609 2937 1914 3004 dextera‚qu‹g
1932 2935 2148 3006 respectu
2167 2939 2320 3004 ingre·-

1343 3010 1579 3058 dientium
1597 3011 1797 3057 Boream
1823 3007 2000 3075 spectat
2023 3045 2038 3066 ,
2071 3008 2215 3076 palm.
2241 3022 2318 3063 19.

1344 3078 1553 3138 sinistra,
1591 3097 1690 3144 quae
1721 3077 1777 3127 ad
1795 3078 2028 3126 Austrum
2058 3078 2212 3127 tendit
2237 3090 2318 3134 25.

1344 3146 1535 3198 Revera
1565 3163 1721 3198 tamen
1764 3150 1857 3197 haec
1886 3147 2217 3215 amplitudinis
2246 3144 2318 3192 di-

1343 3218 1603 3288 screpantia
1615 3221 1662 3266 in
1678 3217 1896 3268 Navibus
1911 3216 2126 3267 consulto
2144 3211 2317 3283 potius,

1342 3293 1484 3358 quarn
1505 3288 1610 3338 casu
1628 3289 1811 3340 servata
1828 3290 2025 3347 est,cum
2043 3286 2155 3335 alibi
2173 3286 2318 3334 etiam

1346 3362 1640 3430 reperiatur,
1660 3376 1714 3410 ut
1734 3362 1881 3411 modo
1898 3357 2097 3408 subdam
2115 3394 2125 3404 .
2188 3421 2289 3472 ΒΤ

2238 3440 2252 3470 1
2275 3438 2316 3469 1-

2402 1944 2418 2298 l
