2425 3747
174 283 177 286 ,
223 237 352 289 Cum
373 237 520 308 igitur
545 243 704 304 parata
725 235 791 284 est
816 230 958 284 massa
979 237 1094 284 vitri
1111 272 1128 294 ,

152 312 201 358 in
220 311 377 378 plures
395 307 634 358 dividitur
653 318 826 354 terreas
847 305 1098 376 sartagines
1111 344 1128 367 ,

150 381 254 430 vim
270 381 391 447 ignis
409 376 791 443 sustinentes,pro
809 378 1029 427 colorum
1045 398 1127 428 nu-

148 467 285 499 mero
305 446 524 507 (seorsim
540 448 669 497 enim
694 444 888 517 lingulis
906 452 1127 518 proprius

149 523 285 571 color
299 519 562 581 miscetur)
588 536 640 565 ac
658 535 741 583 per
756 521 998 589 integrum
1017 522 1126 571 οὲὶο

148 591 338 642 dierum
353 588 560 658 spatium
576 587 739 637 valido
759 590 867 657 igue
886 589 1127 660 supposito

143 661 327 710 fornaci
347 661 673 710 committitur
692 662 999 728 excoquenda
1016 699 1028 710 .

159 782 163 787 ,
216 729 456 782 Absoluta
472 731 688 781 cornone
703 766 719 788 ,
749 727 889 782 ferrei
910 734 1125 793 cochlea-

145 804 208 852 ris
235 822 326 872 ope
358 805 544 852 vitrum
579 803 772 852 elicitur
792 839 808 861 ,
847 805 1127 872 politoque,

143 876 376 924 marmori
392 871 664 923 infunditur
678 873 1041 930 hori-zontaliter
1057 875 1126 922 lo·

143 958 252 994 cato
270 981 286 1002 ,
319 959 373 993 ut
405 943 551 994 infitae
573 947 825 1013 gravitatis
851 948 902 994 vi
930 944 1122 994 dilatari

140 1030 289 1083 queat
304 1017 351 1063 in
368 1016 659 1083 placentulas
671 1013 1128 1083 subfideiites.Q10d

89 1083 91 1086 ⁴
142 1098 198 1133 ut
217 1084 403 1135 facilius
429 1089 675 1154 contingat
699 1121 715 1144 ,
748 1089 1018 1154 imponitur
1047 1084 1123 1146 su·

139 1157 287 1223 perne
309 1174 522 1206 marmor
537 1155 672 1204 aliud
690 1157 968 1225 laevigatum
984 1151 1005 1215 ,¹
1027 1174 1123 1223 quo

135 1241 403 1294 premente,
418 1225 625 1275 validius
639 1230 980 1294 comprimitur
996 1240 1124 1275 utra-

134 1313 231 1362 que
255 1298 372 1344 vitri
397 1295 698 1366 superficies,
730 1299 780 1348 &
815 1299 863 1345 in
892 1299 1123 1365 aequalem

135 1367 492 1434 placentulam,
527 1365 721 1417 crassam
754 1370 945 1419 circiter
972 1367 1123 1417 tribus

132 1437 335 1486 minutis
367 1441 519 1488 unciae
548 1441 758 1488 Romani
789 1438 956 1508 pedis,
993 1439 1120 1490 redi-

133 1520 295 1576 gitur.

239 1582 315 1628 Ita
342 1581 629 1647 comparatis
660 1579 959 1650 singulorum
988 1583 1119 1630 colo-

133 1664 244 1696 rum
262 1649 488 1699 orbiculis
507 1653 729 1717 utrinque
749 1654 1004 1721 laevigatis,
1027 1649 1118 1702 fer-

134 1733 273 1771 reum
292 1715 528 1780 scalprum
543 1747 560 1769 ,
584 1721 713 1777 quod
733 1718 866 1760 ltalis
885 1723 1065 1759 dicitur
1083 1722 1122 1766 ιζ

132 1786 390 1853 Taegliuolo,
416 1781 567 1848 lapidi
593 1784 893 1849 imponitur,
922 1782 1119 1847 acieque

132 1852 321 1904 sursum
345 1850 585 1919 spectante
609 1853 675 1898 ita
696 1852 912 1905 locatur,
941 1852 1115 1916 ut'pla-

134 1927 336 1974 centulae
351 1925 514 1972 vitreae
528 1918 654 1971 ferro
672 1917 940 1969 acutiffimo
958 1919 1120 1967 instra·

134 2010 221 2052 tae,
246 1994 405 2043 dividi
422 1991 676 2042 commod&
694 1993 742 2039 in
763 1991 892 2040 strias
912 1986 1123 2059 longius-

136 2067 266 2114 culas
281 2062 481 2132 poffint.
508 2065 816 2131 Qiapropter
843 2063 909 2110 ita
934 2058 1118 2129 scalpro

136 2149 360 2204 aptantur
390 2134 668 2202 placentulae
681 2169 699 2190 ,
727 2145 781 2180 ut
801 2131 1114 2181 extrorsum-2

136 2207 441 2275 promineant
469 2203 620 2251 tribus
646 2204 836 2251 circiter
854 2204 1003 2251 unciae
1024 2206 1114 2251 mi·

136 2279 289 2333 nutis,
304 2278 438 2340 juxta
450 2271 764 2322 frustulorum
782 2274 1116 2323 latitudinem:

135 2361 243 2396 tum
258 2347 484 2395 malleolo
500 2345 685 2394 xleviter
699 2342 867 2392 ada6to
882 2379 897 2401 ,
914 2344 1030 2393 istus
1048 2343 1118 2393 su-

138 2418 281 2485 perne
303 2419 562 2473 iterantur,
594 2410 838 2482 quousque
864 2417 986 2464 acies
1006 2412 1118 2465 ferri

138 2489 362 2535 intimam
388 2487 710 2556 placentulam
736 2484 996 2552 parvadens
1015 2521 1031 2543 ,
1064 2488 1121 2533 il-

138 2559 238 2606 lam
259 2560 306 2605 in
324 2555 722 2627 parallelepipeda
743 2557 1038 2624 longiuscula
1057 2553 1122 2605 se-

139 2642 218 2678 cet
232 2665 242 2675 .
260 2631 378 2678 Haec
398 2626 516 2679 vero
534 2626 813 2695 fingillatim
832 2626 1012 2696 scalpro
1035 2629 1120 2677 im-

138 2713 414 2768 ponuntur,
453 2718 504 2746 ac
531 2695 773 2747 decussata
803 2697 1039 2748 divifione
1071 2700 1119 2745 in

138 2769 310 2819 cubica
342 2770 626 2837 rediguntur
663 2785 863 2836 corpora
888 2805 905 2827 ,
947 2768 1118 2837 quibus

140 2852 370 2908 tanquam
401 2841 648 2890 elementis
677 2837 871 2888 Muliva
898 2842 1115 2909 compin-

139 2925 343 2980 gantur.

211 2984 330 3032 Haec
355 2995 512 3029 tamen
538 2978 915 3031 dividendorum
940 2977 1112 3031 frustu-

141 3050 301 3100 lorum
326 3049 577 3100 methodus
594 3057 746 3117 majori
763 3051 952 3100 tantum
972 3051 1115 3102 inser-

141 3122 217 3169 vit
233 3120 456 3172 Museaco
473 3157 483 3167 .
509 3121 623 3169 Alia
637 3121 921 3190 usurpantur
939 3141 1114 3193 organa

138 3191 188 3238 in
213 3189 420 3241 secandis
445 3192 580 3244 medii
607 3189 789 3242 Musivi
814 3191 1015 3259 tesseris3
1042 3213 1114 3246 res

1021 168 1063 217 Ρ
1133 164 1301 227 ,ἴΓΤ
1400 162 1520 225 ΧΙ.·

1178 239 1310 288 enim
1337 253 1424 285 nec
1446 233 1657 304 scalpro,
1690 251 1773 287 nec
1793 239 2020 289 malleolo
2050 190 2157 309 Peg

1180 306 1367 366 ficitur,
1390 305 1470 357 sed
1497 304 1616 357 aerez'i
1640 305 1794 366 semi,
1822 305 1905 356 aut
1933 313 2161 362 continua.

1179 378 1429 437 edentula,
1458 379 1508 429 ὃς
1527 380 1745 447 smyride
1775 398 1892 449 opus
1913 377 2001 429 est:
2036 379 2164 435 five-2

1179 453 1316 499 malis
1333 448 1478 498 cubos
1499 451 1698 498 omnino
1721 452 1918 519 aequales
1945 446 2163 500 efforma-

1181 539 1260 579 re,
1292 521 1580 586 imponenda
1610 536 1749 570 erunt
1780 519 1977 570 frustula
2010 522 2166 573 vitrea

1181 605 1293 647 rotae
1321 589 1557 659 plumbeae
1585 590 1834 650 versatili,
1866 598 1996 656 cujus
2014 594 2166 642 celer-

1179 664 1305 711 rimo
1334 674 1502 717 motu,
1540 678 1633 709 non
1662 660 1788 713 secus
1816 665 1937 712 acin
1958 667 2165 731 gemmis

1179 731 1232 781 fit
1247 768 1263 791 ,
1289 749 1460 782 eorum
1480 729 1746 799 superficies
1777 733 2015 801 quadrata?
2034 770 2052 793 ,
2088 736 2165 785 lae-

1176 802 1353 870 vesque
1385 801 1649 851 reddantur
1667 840 1678 850 .

1247 874 1420 924 Eidem
1449 887 1563 922 rotae
1594 873 1890 942 expoliendae
1920 892 2168 924 commen-

1179 946 1355 995 dantur
1378 949 1554 994 minimi
1575 943 1789 994 Museaci
1815 942 1989 994 tefferae
2010 981 2027 1004 ,
2065 964 2169 1013 quae

1180 1036 1275 1065 non
1296 1015 1569 1066 educuntur
1589 1017 1613 1063 ὲ
1642 1016 1762 1064 striis
1779 1052 1795 1074 ,
1822 1030 1904 1064 aut
1925 1017 2172 1084 placentu-

1176 1089 1262 1146 lis,
1293 1100 1346 1135 ut
1382 1089 1431 1134 in
1458 1084 1783 1154 superioribus
1813 1087 2168 1136 Mulivorum

1177 1155 1449 1227 speciebus:
1478 1159 1666 1204 vitrum
1681 1158 1811 1205 enim
1829 1193 1845 1214 ‚
1865 1158 1995 1222 quod
2015 1159 2062 1204 in
2085 1157 2171 1205 ista.

1178 1227 1516 1277 insumendum
1546 1225 1613 1276 est
1633 1262 1648 1283 ,
1680 1226 1838 1275 statim
1860 1246 1911 1276 ac
1930 1230 1953 1275 ὲ
1974 1224 2170 1276 fornace

1174 1292 1320 1352 fuerit
1337 1299 1566 1348 edua-um
1581 1333 1598 1355 ,
1625 1299 1673 1344 in
1695 1299 1859 1346 tenuia
1878 1295 2168 1345 filamenta-2

1175 1370 1459 1439 elongatum
1488 1370 1582 1416 haec
1604 1366 1723 1418 ver&
1743 1368 1931 1415 minut&
1949 1367 2137 1414 concisa
2153 1402 2172 1425 ,

1175 1444 1222 1491 in
1255 1437 1556 1495 breviffimos
1576 1437 1829 1507 cylindros
1858 1451 1974 1486 rotae
2002 1454 2168 1485 corro-

1122 1544 1124 1546 v
1172 1511 1302 1563 fione
1319 1510 1379 1560 ad
1397 1509 1621 1559 cubicam
1646 1508 1851 1579 figuram
1871 1521 2166 1556 atteruntur.

1246 1583 1430 1633 Eadem
1458 1583 1672 1651 poliendi
1705 1582 1832 1630 ratio
1854 1580 1902 1626 in
1924 1577 2173 1628 coloribus

1175 1653 1368 1718 singulis
1392 1651 1458 1702 est
1487 1675 1500 1703 :
1540 1650 1669 1717 secus
1699 1654 1747 1699 in
1777 1669 1831 1700 ea
1857 1651 1972 1697 vitri
2001 1661 2170 1712 parte,

1173 1729 1275 1779 quae
1305 1725 1422 1756 auro
1454 1711 1747 1771 obducitur3
1778 1713 1860 1759 illa
1890 1715 2022 1762 enim
2055 1730 2170 1765 rotae

1172 1799 1267 1829 non
1299 1777 1519 1827 subditur
1534 1814 1551 1837 ,
1580 1779 1636 1827 n&
1655 1797 1827 1829 aurum
1848 1785 1941 1831 una
1959 1802 2070 1834 cum
2087 1788 2168 1835 vi-

1171 1866 1246 1899 tro
1274 1849 1579 1898 absumatur.
1621 1850 1864 1900 Caeterdm
1895 1853 1955 1902 ad
1990 1855 2080 1903 hoc
2112 1866 2168 1904 ut

1175 1923 1277 1969 auri
1313 1918 1501 1968 bractea
1536 1920 1663 1967 vitro
1692 1920 1983 1987 pertinacius
2012 1925 2168 1974 adhae·

1175 2004 1304 2048 reat,
1320 1989 1480 2038 eidem
1498 1990 1766 2056 imponitur
1784 1989 1942 2039 statim
1961 2011 2013 2040 ac
2033 1993 2058 2041 ὲ
2073 1993 2170 2042 for-

1172 2079 1284 2111 nace
1304 2062 1510 2109 candens
1537 2062 1759 2109 educitur
1778 2081 1790 2111 :
1823 2079 1918 2128 quo
1936 2061 2095 2111 denuo
2116 2065 2166 2112 in

1168 2131 1409 2181 fornacem
1427 2125 1792 2187 immiffo,brevi
1810 2136 2043 2200 temporis
2062 2133 2163 2201 spa-

1170 2206 1238 2251 tio
1276 2216 1376 2250 tam
1414 2201 1539 2250 anst&
1575 2201 1647 2248 illi
1684 2203 2015 2269 agglutinatur
2043 2240 2059 2263 ,
2106 2217 2162 2252 ut

1170 2275 1302 2322 nullo
1329 2274 1467 2341 pasto
1484 2272 1655 2322 divelli
1669 2308 1687 2331 a
1715 2269 1802 2323 nisi
1823 2273 2154 2334 corrodendo,

1172 2340 1312 2414 poffit
1332 2380 1342 2390 .

1241 2417 1339 2464 Hic
1369 2412 1490 2462 libet
1516 2411 1719 2463 inserere
1748 2411 2037 2468 industrium
2065 2418 2160 2463 Ar-

1175 2484 1362 2534 tificum
1378 2485 1701 2534 recentiorum
1722 2499 1974 2543 conatum,
2005 2487 2087 2552 qui
2107 2487 2157 2536 in

1176 2558 1333 2605 lucem
1359 2572 1584 2604 revocare
1609 2568 1853 2604 tentarunt
1874 2553 2018 2604 fietile
2039 2573 2159 2622 opus

1174 2624 1390 2677 encausto
1416 2626 1600 2694 pistum
1620 2662 1637 2684 ,
1664 2644 1767 2674 aevo
1789 2627 2019 2694 Agrippae
2038 2627 2157 2674 olim

1173 2700 1427 2747 inventum
1443 2732 1459 2754 ,
1488 2713 1541 2744 ut
1557 2697 1712 2744 Plinio
1733 2695 1847 2747 teste
1868 2695 2157 2758 didicimus;

1169 2771 1220 2820 ὅ(
1249 2787 1332 2817 nos
1361 2769 1472 2817 Itali
1508 2767 1727 2833 Majolica
1755 2767 2120 2817 denominamus
2141 2802 2154 2813 .

1168 2839 1251 2889 Ad
1272 2835 1578 2888 Mufivorum
1606 2855 1732 2908 penu
1751 2838 1874 2888 illud
1891 2840 2039 2889 etiam
2059 2850 2152 2883 tra-

1166 2912 1340 2959 ducere
1357 2908 1732 2967 contenderunt,
1749 2922 1891 2977 prout
1906 2924 2057 2975 nuper
2081 2907 2153 2953 vi-

1166 2981 1326 3030 dimus
1354 2982 1400 3027 in
1429 2980 1664 3048 Cappella
1683 2982 1980 3048 Gregoriana
2008 2977 2149 3026 Vati-

1164 3071 1289 3101 canae
1310 3047 1515 3101 Bafilicae
1528 3072 1545 3100 t
1563 3048 1741 3099 infelici
1761 3064 1921 3098 tamen
1936 3058 2114 3096 eventu
2131 3067 2149 3106 ;

1167 3121 1438 3188 hUJusmodi
1451 3137 1455 3144 ‘
1468 3124 1598 3172 enim
1623 3118 1870 3169 confilium
1897 3114 2146 3165 frustratus

1165 3194 1232 3246 est
1260 3211 1368 3254 aer,
1402 3195 1483 3260 qui
1505 3191 1717 3241 mordaci
1744 3190 1905 3247 nitro,
1931 3205 2024 3256 quo
2044 3187 2146 3254 pol-

2051 3258 2117 3307 let
2132 3290 2151 3316 ,
