2425 3747
289 244 308 274 1
322 231 382 285 58

277 297 473 350 Annales
493 293 785 361 Colonienfi’s.
816 291 1079 360 Wolfgang.
1098 290 1150 339 de
1174 294 1251 355 Vi-

278 373 339 418 tis
357 367 531 434 Praesul.
553 363 853 414 Nemetorcen.

582 434 765 481 Eodem
786 435 932 478 Anno
946 466 958 476 .

351 507 489 557 Idem
521 506 564 549 8.
586 505 830 549 Maternus
858 499 987 549 aliud
1015 501 1254 568 templum

281 577 497 625 condidit
517 572 731 637 Deiparae
748 567 957 628 sacrum,
982 570 1111 637 quod
1130 588 1252 618 nunc

283 650 435 695 Beatae
456 642 659 693 Caeciliae
691 658 865 690 nomen
896 638 1112 690 obtinet.
1151 643 1252 689 Au-

280 717 433 765 ctores
454 714 535 779 qui
555 708 692 778 supra
708 747 719 757 .

572 781 760 830 Eodem
780 784 926 830 Anno
946 818 957 828 .

350 850 499 920 Apud
534 853 850 919 Hieropolim
879 852 1031 918 Syriae
1060 851 1104 897 S.
1126 853 1256 898 Mat-

282 924 412 987 theus
429 921 686 989 Apostolus
703 921 964 970 construxit
977 918 1255 977 Ecclesiam,

282 996 574 1057 Clerumque
593 989 823 1058 disposuit
837 1030 847 1040 .
862 993 1102 1059 Metaphr.
1117 991 1164 1036 in
1185 993 1258 1041 Vi-

282 1081 327 1115 ca
357 1064 486 1113 Beati
522 1060 736 1112 Matthaei
762 1098 779 1120 ,
815 1059 899 1111 sub
928 1061 1006 1110 die
1044 1071 1120 1113 16.
1154 1063 1257 1108 No-

283 1131 493 1183 vembris
512 1168 522 1179 .

647 1206 790 1251 Anno
813 1213 892 1265 56.

355 1277 399 1322 S.
418 1275 698 1321 Savinianus
714 1309 730 1332 ,
750 1292 866 1322 unus
886 1291 942 1321 ex
961 1269 1255 1340 septuaginta

284 1343 528 1410 discipulis
543 1379 558 1400 ,
590 1344 773 1411 Populo
795 1339 1047 1392 Senonenfi
1070 1340 1255 1410 persua-

283 1413 374 1472 fit,
410 1427 462 1461 ut
496 1415 543 1460 in
572 1413 651 1460 sua
682 1413 816 1466 Urbe
849 1428 938 1462 tres
967 1412 1256 1461 construeret

285 1481 531 1540 Ecclesias,
545 1501 686 1531 unam
705 1480 882 1532 scilicet
899 1487 949 1530 B.
966 1484 1131 1530 Mariae
1147 1484 1257 1531 Vir-

284 1555 419 1624 gini,
450 1554 647 1600 alteram
683 1555 915 1620 &joanni
935 1552 1176 1620 Baptistae,
1204 1570 1256 1606 ac

286 1624 480 1672 tertiam
508 1626 570 1670 D.
599 1625 835 1689 Stephano
863 1622 1222 1687 Protomartyri
1240 1655 1251 1666 .

584 1692 766 1737 Eodem
787 1695 932 1738 Anno
951 1725 962 1735 .

354 1762 399 1807 S.
418 1755 602 1824 Xystus
619 1795 633 1818 ‚
663 1760 891 1827 Principis
913 1757 1260 1827 Apostolorum

285 1827 574 1896 discipulUS,
608 1830 656 1875 in
687 1828 802 1877 urbe
832 1827 1057 1878 Remensi
1089 1825 1256 1875 mirifi-

286 1917 397 1948 cum
415 1901 655 1967 templum
671 1897 927 1948 :edificavit
941 1935 951 1946 .
969 1899 1256 1946 Demochar.

288 1968 370 2021 lib.
391 1986 436 2016 2.
456 1986 557 2037 cap.
588 1988 664 2033 14.

649 2042 792 2087 Anno
821 2046 898 2101 58.

359 2110 405 2155 S-
433 2111 688 2166 Mennius,
722 2112 771 2156 B.
803 2112 929 2159 Petri
968 2105 1258 2174 discipulus,

289 2177 413 2247 apud
436 2181 735 2228 Diovantum
753 2180 903 2228 aedem
920 2181 1052 2227 Divo
1071 2178 1260 2244 Stepha-

289 2267 350 2296 no
369 2249 719 2315 Protomartyri
737 2249 1045 2298 consecravit.
1057 2251 1260 2316 joannes

289 2320 494 2367 Placent.
515 2320 791 2368 Trudonen.
820 2326 867 2370 in
886 2320 1105 2389 Episcopis
1132 2316 1261 2368 Tun-

284 2389 530 2459 grefffibus:
553 2392 872 2439 Demochares
890 2390 973 2438 lib.
991 2409 1034 2437 2.
1056 2407 1157 2456 cap.
1179 2405 1258 2450 25.

652 2463 794 2509 Anno
813 2470 897 2510 6‘0.

363 2529 510 2598 Apud
543 2532 747 2578 Hunnos
776 2531 834 2579 ad
862 2532 1038 2579 montis
1070 2525 1258 2576 umbra-

293 2601 454 2647 culum
467 2636 483 2657 ,
500 2618 640 2666 quem
657 2598 793 2648 Mosa
815 2602 978 2658 alluit,
1009 2605 1053 2648 S.
1077 2602 1258 2647 Mater-

292 2686 375 2716 nus
398 2669 545 2717 aedcm
568 2672 783 2737 Deiparae
814 2672 1007 2738 Virgini
1040 2667 1259 2717 sacram-2

293 2735 547 2786 aedificavit
566 2774 576 2784 .
605 2742 813 2805 joannes
833 2742 1040 2789 Placent.
1064 2738 1259 2787 Trudo-

292 2825 398 2856 nen.
435 2809 481 2852 in
512 2808 727 2875 Episcopis
747 2809 1074 2881 Leodienstbus.
1103 2813 1260 2858 Anto-

292 2879 397 2924 nius
416 2880 688 2926 Monc'niac.
704 2884 988 2931 Demochar.
1004 2879 1088 2927 lib.
1105 2897 1150 2928 2.
1171 2897 1263 2928 con-

292 2966 363 2998 tra
380 2949 569 2999 Calvia.
592 2966 691 3015 cap.
714 2963 793 3007 37.

595 3017 777 3066 Eodem
798 3025 941 3068 Anno
962 3058 973 3067 .

366 3089 423 3134 In
441 3083 556 3135 urbe
579 3087 857 3136 Carnotenfi
878 3092 951 3136 88.
973 3092 1265 3145 Savinianus,

294 3157 598 3205 Potentianus
627 3196 642 3217 ,
679 3160 729 3208 &
766 3158 1070 3208 Adventinus
1107 3160 1263 3206 Eccle-

293 3223 408 3274 siam
433 3229 481 3274 in
497 3228 729 3280 honorem
747 3226 1026 3278 Beatiffimae
1050 3229 1263 3298 Virginis

667 219 1098 276 VETERA
1171 219 1878 274 MONIMENTA

1305 295 1482 341 MAR1AE
1499 306 1749 342 erexerunt
1764 329 1776 339 .
1810 290 2100 341 Demochar.
2121 289 2203 340 lib.
2223 311 2271 340 2.

1308 380 1407 429 cap.
1429 366 1505 411 18.

1603 433 1786 482 Eodem
1810 436 1952 481 Anno
1969 467 1980 478 .

1379 504 1423 548 S.
1452 503 1689 550 Martialis
1722 505 1770 550 in
1799 504 2014 553 Civitate
2048 503 2281 551 Lemovia

1306 568 1428 619 censi
1453 569 1679 621 Ecclefias
1708 574 1754 619 in
1780 575 1967 621 cultum
1988 572 2279 629 Salvatoris,

1306 643 1356 692 ὃ(
1378 644 1428 688 Β.
1450 643 1616 690 Mariae
1638 636 1882 709 Virginis,
1917 660 2100 692 necnon
2128 645 2176 690 in
2193 643 2281 691 h0-··

1309 729 1477 760 norem
1497 713 1573 760 SS.
1590 711 1936 778 Apostolorum
1957 714 2082 761 Petri
2107 714 2157 763 &
2179 715 2282 761 An-

1310 783 1433 831 dreae
1453 818 1469 839 ‚
1505 800 1557 828 ac
1586 783 1633 827 in
1663 783 1945 830 memoriam
1981 785 2031 829 B.
2055 782 2282 851 Stephani

1308 853 1688 918 Protomartyris
1722 850 1943 900 condidit
1961 886 1973 896 .
2014 855 2284 900 Antoninus

1311 942 1408 992 par.
1434 941 1474 970 1.
1503 923 1579 968 tit.
1595 931 1644 968 6.
1674 942 1774 990 cap.
1795 938 1875 983 25.
1902 927 1942 976 β’
1963 937 2008 967 2.
2038 922 2201 971 Petru's
2221 923 2283 971 de

1315 994 1478 1042 Natali
1498 990 1644 1041 lib.6.
1666 1011 1767 1060 cap.
1785 1011 1866 1051 29.
1939 987 1942 988 ⁷

1675 1066 1816 1111 Anno
1834 1072 1919 1113 60.

1383 1133 1592 1181 Puteolis
1623 1134 1665 1180 S.
1699 1131 1864 1183 Celsus
1895 1130 2153 1181 Ecclesiam
2182 1148 2287 1183 ere«

1310 1205 1412 1259 xit,
1441 1200 1523 1249 ubi
1560 1200 1695 1250 sacrae
1729 1208 1826 1265 ejus
1859 1204 2043 1252 exuviae
2076 1203 2283 1251 humatae

1308 1272 1502 1321 fuerunt
1531 1293 1540 1320 :
1578 1274 1627 1322 &
1667 1273 1760 1321 haec
1800 1269 2002 1321 Ecclesia
2040 1272 2183 1321 hodie
2219 1270 2286 1321 est

1308 1344 1602 1392 Monialium
1622 1345 1664 1390 S.
1682 1342 1912 1391 Francisci
1928 1378 1937 1388 .
1957 1343 2282 1409 Ughell.to.6.

1311 1432 1415 1482 pag.
1439 1431 1463 1459 2
1480 1430 1552 1472 17.
1573 1431 1706 1460 num.
1727 1431 1772 1459 2.
1791 1413 1921 1463 Vide
1938 1416 2117 1461 Ferrar.
2138 1417 2187 1460 in
2205 1415 2285 1465 Ca-

1308 1487 1477 1551 tal0g0‚
1503 1485 1582 1548 qui
1601 1485 1666 1530 ait
1691 1484 1737 1529 in
1752 1484 2014 1533 Puteolano
2039 1484 2285 1532 territorio

1309 1550 1459 1602 adeise
1477 1550 1732 1600 Ecclesiam
1745 1589 1759 1610 ,
1778 1572 1877 1618 quae
1898 1557 1941 1601 8.
1960 1554 2145 1600 Patielli
2163 1569 2284 1598 nun-

1310 1636 1538 1689 cupatur,
1554 1621 1635 1669 ubi
1656 1625 1698 1669 S.
1715 1621 1880 1671 Celsus
1897 1625 1921 1670 ὲ
1942 1624 1985 1668 8.
2002 1623 2140 1669 Petro
2154 1623 2290 1689 Apo«

1312 1693 1428 1741 stolo
1447 1690 1744 1739 consecratus
1768 1690 1862 1738 fuit
1884 1688 2144 1758 Episcopus
2159 1726 2171 1737 .
2233 1730 2237 1733 .
2277 1710 2280 1715 ·

1676 1764 1818 1810 Anno
1836 1770 1921 1810 61.

1420 1832 1570 1896 Syrus
1617 1833 1931 1899 Hermagorae
1971 1829 2289 1896 AquileJenfis

1312 1900 1553 1950 Antistitis
1570 1900 1825 1966 dilcipulus
1840 1937 1855 1958 ,
1873 1901 2025 1966 Papiae
2045 1902 2289 1968 templum

1310 1967 1565 2025 fundavit,
1595 1972 1644 2020 ὃς
1670 1969 1830 2019 sedem
1857 1968 2068 2019 obtinuit
2085 1968 2290 2036 Episco-

1314 2041 1470 2109 palem
1485 2076 1495 2085 .
1519 2040 1644 2088 Beda
1664 2041 1817 2107 pridie
1842 2040 1954 2088 Idus
1974 2037 2295 2107 Septembris?

1315 2113 1479 2159 Petrus
1511 2108 1569 2157 de
1602 2112 1765 2158 Natali
1800 2108 1881 2157 lib.
1922 2129 1962 2159 1.
1995 2128 2096 2176 cap.
2131 2127 2210 2171 50.
2238 2111 2294 2160 ὃς

1312 2180 1395 2228 lib.
1429 2185 1474 2228 8.
1514 2197 1613 2246 cap.
1644 2186 1728 2229 68.
1767 2179 2091 2248 Bergomenfis
2121 2181 2290 2242 Chron.

1315 2250 1398 2298 lib.
1416 2254 1461 2298 8.
1484 2249 1741 2317 Ughellius
1761 2251 1807 2296 in
1825 2250 1978 2317 Episc.
1999 2247 2218 2318 Papiens.

1681 2324 1824 2368 Anno
1848 2331 1883 2368 6
1889 2339 1912 2367 2
1925 2357 1935 2367 .

1384 2390 1601 2438 Treviris
1631 2392 1681 2436 B.
1709 2391 1903 2437 Nazarii
1932 2387 2075 2459 operz'i
2102 2391 2287 2458 magni·-

1310 2458 1405 2508 ficae
1438 2459 1677 2508 structurae
1711 2459 1949 2527 templum
1982 2459 2078 2509 fuit
2109 2462 2288 2508 excita-

1312 2546 1417 2578 tum
1440 2568 1450 2578 .
1484 2531 1755 2578 Antoninus
1775 2548 1869 2596 par.
1895 2550 1935 2578 1.
1958 2533 2032 2580 tit.
2049 2538 2098 2579 6¹.
2121 2548 2221 2598 cap.
2240 2546 2287 2592 2.

1313 2603 1473 2651 Petrus
1495 2601 1552 2647 de
1573 2601 1737 2653 Natali
1756 2598 1839 2646 lib.
1854 2610 1903 2648 6.
1924 2620 2026 2669 cap.
2052 2618 2162 2663 147.

1681 2673 1823 2717 Anno
1844 2679 1930 2727 63.

1383 2742 1426 2788 8.
1444 2742 1636 2788 Marcus
1656 2743 1698 2787 8.
1714 2742 1841 2788 Petri
1862 2736 2149 2807 discipulus,
2167 2735 2290 2802 ejus:-

1315 2811 1424 2860 dem
1453 2812 1691 2859 memoriae
1727 2810 1965 2877 templum
1985 2810 2199 2866 dicavit,
2235 2810 2287 2856 in

1315 2898 1407 2949 quo
1425 2880 1475 2929 &
1494 2879 1588 2947 ipse
1607 2878 1700 2927 fuit
1721 2881 1984 2928 tumulatus
2001 2916 2011 2926 .
2031 2879 2290 2947 Ughellius

1316 2957 1484 2999 tom.6'.
1500 2969 1603 3018 pag.
1623 2967 1647 3011 5
1661 2970 1678 2998 1
1695 2967 1738 2995 2.
1756 2955 1923 2998 Annos
1941 2950 2048 2998 o&o
2071 2949 2172 3017 post
2189 2953 2287 3011 ejus

1317 3022 1612 3086 martyrium
1626 3056 1641 3077 ,
1669 3037 1789 3067 uxor
1812 3020 2060 3082 cujusdam
2078 3020 2283 3067 Palatia-

1316 3093 1382 3147 ni,
1393 3088 1449 3137 ab
1469 3087 1568 3156 ipso
1589 3089 1806 3138 instructa
1825 3090 1882 3140 de
1904 3090 2119 3139 doctrina
2135 3091 2290 3138 Evanae

1316 3161 1495 3227 gelica,
1523 3161 1759 3226 templum
1789 3160 1916 3228 quod
1933 3161 2074 3230 Jovis
2096 3157 2289 3209 diceba-

1320 3243 1398 3277 tur
1415 3266 1433 3294 ,
1457 3232 1697 3280 memoriae
1719 3229 1792 3280 sui
1816 3231 2124 3300 Praeceptoris
2151 3228 2290 3278 addi-

2188 3310 2286 3351 Xlt‘-

2408 51 2419 139 .-

2417 349 2425 424 l

2411 899 2425 1580 ᾼᾼᾼ-ῤ-,τῴ--ῥ
