2425 3747
741 219 1241 275 CAPUT
1341 215 1501 270 XVI.

2008 227 2105 280 '135

110 294 240 347 &ore
277 289 430 361 operis
461 283 727 358 imperfe&i
756 290 804 335 in
842 289 1088 339 eundem-³
1143 293 1355 346 veritus,
1396 283 1617 357 promissa
1656 283 1866 355 superius
1900 291 2108 338 carmina

110 364 396 415 Matthaeum
422 361 610 410 Homil.
627 378 658 424 4
667 359 870 427 32Qia
905 361 1019 408 vero
1040 363 1089 412 ὃς
1141 377 1377 430 apponam
1394 397 1408 417 ,
1440 356 1609 408 &sunt
1625 374 1726 423 quae
1747 354 2008 423 sequuntur
2027 393 2039 404 .

106 428 213 501 ‘post
237 432 401 482 funera
420 430 617 479 vivebat
643 432 691 477 in
714 427 807 477 illis
824 446 956 478 arnor
988 443 1085 479 tam

109 502 227 552 sacri
246 503 581 572 pignoris,cum
594 517 651 548 eo
670 498 814 548 thecis
836 502 1085 569 argenteis,

102 571 364 639 aeneisque,
394 584 476 619 aut
497 569 733 638 plumbeis
756 587 841 638 pro
857 567 1083 620 facultate

108 642 332 709 cujusque
362 638 634 709 obsignato,
669 637 924 709 sepulchris
952 649 1084 689 man·

109 714 214 769 dari
241 710 498 775 jubebant:
539 712 667 778 quod
696 712 906 778 plurima
952 711 1087 762 cada-

104 799 254 840 vera,
287 779 368 832 seu
400 782 545 831 loculi
580 779 953 839 confirmarunt,
993 785 1083 834 una

109 870 220 905 cum
249 850 521 915 hujusmodi
551 851 695 903 thecis
716 855 893 920 reperti
921 853 968 899 in
999 852 1084 902 de-

110 923 365 977 molitione
395 922 678 991 pervetustae
706 920 911 973 Bafilicae
940 924 1082 973 Vati-

108 1011 235 1041 cassae
257 1028 267 1038 .

180 1065 401 1130 Denique
433 1080 520 1130 pro
539 1062 764 1113 coronide
785 1063 923 1127 hujus
946 1064 1079 1130 ¹capi-

106 1136 166 1182 tis
190 1135 445 1182 nonnullos
461 1131 621 1182 versus
640 1133 908 1191 annectam,
924 1135 971 1180 in
985 1151 1085 1181 ma-

105 1205 249 1253 :ximae
291 1204 586 1271 antiquitatis
630 1202 816 1253 Codice
854 1202 1052 1270 scriptos
1067 1239 1084 1261 ,

107 1276 191 1341 qui
209 1271 293 1323 diu
309 1276 357 1321 in
370 1269 574 1321 Ecclefia
595 1274 638 1319 S.
658 1273 792 1321 Pauli
810 1309 827 1331 ,
858 1290 982 1320 nunc
1000 1290 1083 1322 ve-

105 1343 162 1392 ro
183 1345 231 1390 in
252 1338 577 1392 Cafinenfium
598 1343 955 1393 Monachorum
976 1346 1079 1392 Ro-

104 1431 194 1464 mae
224 1411 506 1482 degentium
522 1412 765 1463 Coenobio
785 1411 1049 1462 custoditur
1065 1449 1077 1461 .

108 1485 341 1538 Continet
361 1483 443 1533 iste
459 1485 649 1532 Sacram
668 1486 981 1552 scripturam,
997 1483 1076 1532 sae-

106 1555 218 1605 culo
232 1571 356 1607 nono
371 1566 612 1603 exaratam
629 1590 646 1612 ‚
663 1555 774 1603 licet
788 1573 891 1604 aevo
911 1555 1078 1604 Caroli

107 1625 280 1691 Magni
309 1625 454 1689 aliqui
493 1637 736 1675 exaratam
779 1623 1082 1684 existiment,

108 1694 368 1763 praelsertim
384 1690 618 1742 Illustriss.
635 1697 695 1742 D.
711 1696 926 1761 Angelus
941 1698 966 1743 ὲ
982 1698 1090 1743 Nu.-

113 1781 169 1813 ce
184 1799 201 1822 ,
217 1764 337 1814 olim
353 1763 752 1830 Archiepiscopus
771 1761 1080 1823 Rossanenfis,

106 1836 190 1901 qui
204 1833 433 1901 peculiari
449 1829 769 1882 dissertatione
798 1833 849 1882 id
883 1831 1080 1901 ipsum-z

107 1904 251 1959 enixe
266 1900 517 1953 contendit
535 1937 546 1947 .
566 1904 700 1950 Huic
716 1915 877 1952 tamen
905 1903 964 1951 ad
981 1907 1087 1952 uni·

108 1992 219 2024 carn
252 1973 429 2039 ingenii
470 1973 863 2022 exercitationem
905 1970 1082 2022 discors

112 2044 192 2093 Cl.
210 2043 302 2092 Vir
334 2040 464 2089 Abas
482 2042 693 2109 Raphael
722 2041 970 2092 Fabrettus
992 2042 1083 2092 alia*

110 2115 236 2162 inter
265 2127 546 2161 communes
573 2113 749 2161 amicos
789 2111 987 2181 vulgata
1009 2115 1084 2163 lu·

111 2182 391 2233 cubratione
407 2216 424 2239 ,
452 2200 549 2231 non
575 2184 743 2231 Caroli
770 2185 972 2251 Magni,
1001 2183 1083 2234 sed

108 2254 278 2308 Caroli
298 2250 491 2302 Caesaris
510 2254 721 2302 Minoris
745 2256 1080 2304 Francorum...

110 2324 256 2392 Regis
275 2358 291 2380 ‚
305 2324 354 2372 &
371 2319 587 2387 ejusdem
608 2324 773 2372 Caroli
806 2325 976 2390 Magni
1003 2344 1084 2372 na-

111 2409 167 2443 tu
182 2394 381 2441 maximi
397 2407 616 2462 tempora
633 2392 850 2443 redolere
865 2429 881 2450 ‚
898 2395 949 2444 ἃ
965 2412 1077 2462 prae-

112 2462 285 2513 seferre
317 2462 486 2515 diserte}-
516 2462 689 2532 probat
714 2499 726 2511 .
760 2462 840 2513 Ab
870 2464 955 2512 hac
981 2462 1081 2515 sen-

111 2534 262 2584 tentia
276 2530 512 2600 paulisper
532 2529 817 2583 recesserunt
841 2530 1079 2602 suprame-

113 2605 289 2654 morati
309 2606 414 2652 RR.
444 2605 554 2652 DD.
571 2607 782 2672 Joannes
807 2604 1049 2656 Mabillon
1066 2643 1083 2664 ,

111 2677 163 2725 &
177 2674 389 2722 Michael
410 2675 662 2731 Germain,
683 2674 913 2723 Monachi
934 2678 1083 2726 Bene-

113 2745 286 2795 diffini
297 2780 314 2803 ,
333 2741 542 2811 quietim
565 2742 756 2798 Urbem
783 2746 1050 2796 incolerent
1066 2783 1082 2805 ,

114 2812 272 2883 ipsum
295 2816 566 2882 exemplar,
587 2833 642 2863 ac
658 2828 910 2882 utramque
926 2813 1088 2868 differ-

115 2887 351 2934 tationem
386 2883 551 2935 sedulo
580 2885 950 2953 perlustrarunt,
984 2890 1086 2938 exi-2

114 2953 357 3005 stimantes
393 2955 670 3024 praedictum
714 2955 949 3007 Codicem
975 2956 1088 3009 fuis-

116 3022 163 3073 se
194 3040 441 3074 exaratum
471 3039 569 3075 tem
604 3044 683 3077 ore
710 3029 874 3078 Caroli
907 3029 1085 3078 Calvi.

116 3096 369 3162 Qidquid
383 3109 544 3145 autem
583 3108 620 3143 rt
634 3096 692 3146 de
706 3098 833 3146 illius
851 3112 1084 3167 tempore,

117 3165 223 3212 lites
248 3178 491 3220 tantorum
508 3166 743 3216 Virorum
770 3168 1083 3228 dirimere,&

113 3235 249 3287 alteri
269 3237 479 3303 palmam
498 3236 770 3302 adjudicare
789 3257 884 3288 non
900 3243 1085 3292 temer&

1210 466 1291 515 Ad
1307 465 1500 512 initium
1515 460 1623 510 libri
1638 459 2015 531 Evangeliorum
2032 497 2043 507 .

1203 570 1313 620 Sede
1356 570 1502 617 throni
1546 568 1730 637 reficiens
1786 567 1988 617 mundum
2036 572 2111 636 qui

1265 639 1477 706 ponderat
1496 658 1658 690 omnem
1673 676 1689 697 ‚

1207 711 1348 762 Corda
1358 711 1490 773 replet
1519 728 1676 764 fvatum
1690 746 1706 768 ,
1731 727 1778 760 ut
1803 709 1922 759 nobis
1954 725 2109 759 arcana

1279 782 1478 830 revelent
1499 814 1510 824 .

1206 851 1364 901 'Altias
1392 850 1546 919 Esaias
1573 885 1590 907 ,
1634 849 1877 899 Hieremias
1901 885 1918 908 ,
1944 850 2098 909 Hieze-

1278 924 1468 989 chielque

1205 994 1250 1042 A
1241 989 1376 1062 fflati
1386 1028 1401 1049 ,
1417 991 1688 1059 Danihelque
1702 990 1868 1040 ‘videns
1894 992 2107 1058 mysteria

1275 1064 1390 1113 ῑεὲἶιτ
1406 1097 1421 1119 ,

1207 1134 1413 1211 Qatuor
1439 1134 1649 1201 affi'gnant
1683 1130 1804 1180 nobis
1847 1134 2112 1184 animalibus

1275 1207 1405 1254 alsnis

1204 1273 1512 1342 Almigraphos
1544 1271 1720 1326 Christi
1743 1274 1972 1320 virtutum
2004 1287 2105 1341 qua·

1273 1361 1369 1394 tuor
1383 1349 1488 1411 aeque
1511 1377 1524 1389 .

1200 1447 1282 1497 Ad
1320 1448 1513 1495 initium
1537 1445 1786 1513 Evangelii
1808 1442 2111 1497 secundnm„

1458 1517 1745 1565 Matthaeum
1761 1551 1772 1562 .

1206 1624 1429 1675 Virtutum
1464 1622 1500 1672 S
1500 1626 1660 1688 ereptor
1691 1620 1932 1672 Matthaeus
1961 1626 2011 1670 in
2049 1640 2118 1684 orf-

1280 1694 1383 1740 dine
1404 1696 1574 1757 primus

1205 1764 1244 1814 E
1233 1761 1398 1832 ffllget
1411 1761 1606 1816 Christi,
1623 1757 1677 1804 de
1692 1757 1989 1826 vec‘ligalibus
2008 1759 2118 1808 olim

1206 1830 1394 1884 ,AHibus
1422 1836 1623 1881 extraxit
1643 1829 1823 1878 clemens
1857 1847 1977 1898 quem
1997 1846 2104 1898 gra·

1273 1906 1340 1950 eia
1357 1903 1534 1951 Christi
1557 1935 1568 1946 .

1205 1972 1456 2041 Difiipulus
1484 1969 1648 2039 scribit
1684 1969 1869 2019 Domini
1911 1970 2117 2018 miracula

1262 2040 1419 2110 ,saC‘lus

1207 2110 1431 2163 Fratribus
1447 2108 1626 2175 Hebreis
1638 2144 1654 2167 ,
1674 2108 1808 2177 Legis
1815 2106 2114 2176 ftrvantibus

1272 2180 1493 2237 umbram,

1208 2254 1315 2331 Q⁰
1344 2270 1500 2301 verum
1525 2250 1697 2319 noscant
1712 2285 1728 2308 ,
1748 2253 1890 2297 animo
1917 2251 2111 2300 ‘velami-

1279 2342 1330 2374 ne
1360 2322 1525 2387 dempto
1545 2355 1557 2367 .

1231 2429 1375 2481 Circa
1402 2409 1665 2492 imaginem
1693 2426 1734 2473 S.
1751 2424 1975 2472 Matthaei
1995 2460 2007 2471 .

1204 2536 1293 2590 Hoc
1321 2533 1560 2586 Matthaeus
1593 2546 1721 2597 agens
1748 2531 1959 2580 hominem
1983 2549 2127 2598 gene*

1272 2608 1427 2657 raliter
1452 2603 1604 2670 implet
1620 2636 1632 2646 .

1177 2709 1261 2760 Ad
1290 2712 1486 2759 initium
1519 2706 1767 2774 Evangelii
1796 2702 2061 2755 secundum

1500 2781 1725 2827 Marcum
1747 2811 1758 2820 .

1210 2886 1353 2937 Filius
1378 2904 1464 2933 ecce
1497 2885 1625 2936 Petri
1647 2882 1805 2933 Sanflt'
1828 2882 2115 2950 Baptismatis

1279 2954 1394 3005 unda
1410 2990 1427 3012 ‚

1205 3025 1261 3077 In
1291 3025 1522 3078 Christum
1564 3023 1765 3082 credens,
1808 3023 2104 3075 Hebreorusm,

1279 3095 1486 3148 Patribus
1515 3112 1659 3153 ortus,

1205 3166 1393 3220 Levites
1431 3166 1615 3217 Marcus
1633 3164 1784 3234 fulget
1824 3161 1896 3212 hic
1937 3178 2006 3208 ore
2037 3158 2109 3227 se-

1274 3239 1432 3288 cundus
1449 3272 1460 3283 .
2028 3298 2138 3350 ‘ple‘
