2482 3742
682 289 1065 341 CAPU

1138 288 1182 338 T
1283 284 1486 336 XXII.

1986 305 2075 335 211

95 371 143 414 6.
172 358 355 415 discus,
391 358 440 404 in
467 374 558 421 quo
588 372 729 425 caput
745 360 943 425 Joannis
971 361 1059 405 Ba·-
1114 357 1237 405 stolae
1274 358 1509 404 Hadriani
1548 357 1586 403 I.
1623 353 1681 402 ad
1713 354 1941 403 Carolum
1971 358 2077 402 Ma-

95 430 241 500 ptistae
269 429 377 477 velo
407 442 687 494 coopertum
718 427 815 488 est;
853 445 899 486 7.
928 429 978 478 &
1011 433 1057 477 8.

1113 444 1259 496 gnum
1282 424 1418 493 supra
1443 427 1591 473 allatae
1617 424 1936 472 testimonium
1955 459 1972 480 ‚
2006 428 2080 472 vi-

96 502 274 551 milites
299 495 378 546 seu
399 495 609 546 custodes
625 496 859 547 Herodis.
896 501 969 546 De
990 498 1061 545 his
1115 498 1291 544 delicet
1310 532 1325 552 ‚
1350 494 1476 561 quod
1502 497 1549 542 in
1572 496 1760 543 metallis
1782 498 1918 541 aureis
1940 492 2082 548 (idest

97 569 159 620 fic
182 567 401 617 meminit
426 567 732 615 Prudentius.

1115 562 1318 615 Mufivis
1339 564 1580 631 operibus)
1602 581 1846 632 quamquam
1863 567 1911 611 in
1926 563 2084 613 diver-

167 641 346 691 Praemia
383 637 600 702 fizltatrix
636 640 777 706 poftit
818 636 1068 704 filnebriet„
1104 636 1173 706 fis
1199 636 1400 684 bift'oriis
1413 636 1554 703 sacris
1570 636 1798 683 decorando
1825 633 2086 701 imaginibus

240 727 320 757 ‘ver
349 725 370 753 ο
383 741 400 763 ,

169 728 369 846 (ῗοεῑηηὲᾉ-
394 783 549 844 capum
584 776 801 846 abscfftm
828 779 939 847 quod
952 780 1070 828 lance

241 862 423 914 reportet

169 915 344 969 Incefi'ae
372 922 421 965 in
443 923 652 985 gremium
681 923 866 975 matris,
881 915 981 985 fert
1003 936 1070 965 re<

240 994 319 1057 gia
341 989 495 1036 donum

170 1059 363 1126 Pfhlcria
381 1093 395 1115 ,
424 1057 617 1128 respetfis
632 1058 826 1108 manibus
842 1059 892 1107 de
895 1059 1074 1127 fimgui-

246 1148 296 1177 ne
302 1129 434 1194 jussio
452 1162 461 1174 .

204 1200 386 1264 Qarta
417 1199 534 1244 item
562 1214 666 1262 pars
701 1194 923 1265 oppofitae
957 1213 1076 1262 quo-

108 1265 366 1318 dammodo
402 1266 593 1332 pisturae
628 1263 879 1330 respondet
907 1287 921 1325 ;
960 1264 1078 1311 ficut

106 1339 235 1386 enim
265 1337 313 1383 in
341 1334 421 1383 illa
444 1332 552 1381 urbs
570 1330 873 1383 Hierusalem
890 1369 906 1394 ‚
938 1336 1002 1380 ita
1029 1335 1077 1378 in

105 1408 189 1454 hac
204 1405 371 1453 civitas
389 1403 667 1452 Bethlehem
688 1399 895 1473 expressa
913 1402 976 1451 est
990 1438 1006 1460 ‚
1025 1415 1078 1449 ut

106 1471 355 1543 impositus
379 1474 546 1522 titulus
570 1475 710 1522 docet
727 1511 737 1520 .
777 1479 849 1523 De
872 1474 1080 1521 harum-³

107 1544 299 1594 urbium
314 1543 683 1613 hieroglyphice),
698 1542 804 1592 satis
821 1544 1002 1592 di&um
1019 1540 1085 1592 est

111 1616 162 1663 in
186 1611 393 1663 Ecclesia
419 1616 463 1660 S.
493 1613 671 1660 Sabinae
696 1636 707 1664 ι
746 1613 843 1663 Hic
872 1627 1083 1661 tantum-

111 1683 262 1734 modo
314 1682 543 1731 nonnulla
586 1679 796 1744 ejusdem
834 1682 1083 1734 Prudentii

112 1755 322 1804 carmina
343 1754 486 1801 etiam
505 1745 678 1801 referre
697 1754 874 1820 placet,
892 1751 1082 1801 scilicet.

183 1824 433 1879 Bethlehem
449 1837 569 1888 caput
590 1822 656 1871 ef?
671 1823 829 1873 Orbis:
847 1838 1087 1892 quaeprotu-

253 1895 311 1943 lit
330 1893 491 1962 &estem
504 1929 521 1950 ,

188 1962 322 2013 Orbis
334 1967 599 2030 principium
614 1998 629 2020 ‚
666 1979 786 2032 caput
812 1966 947 2034 ipsum
958 1969 1086 2030 prin·

256 2037 457 2098 cipiorum
473 2069 484 2079 .
933 2059 949 2084 ῃ

192 2101 313 2159 Urbs
331 2105 540 2153 homine-m
555 2104 781 2156 Christum
803 2110 981 2177 genuit:
1017 2108 1090 2173 qui

258 2174 462 2226 Christus
488 2174 639 2242 agebat

190 2242 310 2295 Ante
333 2245 478 2302 Deus,
514 2250 637 2313 quam
653 2247 685 2296 S
689 2248 733 2295 ol
731 2250 866 2315 fieret
880 2281 897 2304 ,
934 2251 1093 2315 quein..

266 2313 441 2382 Lucifer
459 2316 555 2384 affec
572 2351 582 2361 .

194 2388 251 2432 In
267 2387 431 2450 quinta
450 2392 648 2435 demum
680 2388 728 2435 ὃς
749 2386 920 2434 ultima
943 2398 1097 2453 parte,

123 2467 265 2522 prout
282 2455 329 2499 in
345 2453 556 2523 opposita
569 2492 585 2512 ‚
602 2457 756 2522 plures
774 2455 943 2504 adsunt
964 2474 1102 2524 agno·-

123 2541 231 2571 rum
250 2519 405 2590 figurae
422 2556 438 2581 9
463 2524 520 2573 de
541 2525 707 2592 quibus
720 2523 996 2576 «sermonem
1014 2527 1097 2573 ali-

124 2594 174 2641 bi
196 2591 483 2641 instituimus
502 2629 512 2639 .

199 2665 314 2711 Haec
343 2663 402 2711 de
433 2660 717 2730 imaginibus
745 2668 791 2713 in
817 2667 1099 2733 triumphali

128 2735 263 2786 Arcu
275 2731 584 2798 aBeatiffimo
600 2733 988 2804 PontificeXysto
1006 2739 1099 2785 ΙΙΙ.

127 2800 324 2853 Mufivo
340 2820 483 2872 opere
501 2801 741 2869 expressis:
758 2807 902 2854 modo
918 2807 975 2855 ad
992 2808 1103 2854 alias

132 2869 471 2929 transeundum
508 2871 615 2929 est,
652 2893 750 2940 quae
790 2872 926 2943 super
964 2894 1100 2925 coro-

132 2943 295 2992 nidem
331 2941 580 2992 ambarum
627 2942 910 2994 interiorum
947 2947 1100 2994 Porti-

133 3030 309 3076 cuum,
341 3009 436 3061 five
462 3015 510 3060 in
543 3014 699 3062 media
728 3019 875 3073 navi,
914 3029 1012 3063 tam
1041 3013 1100 3064 ad

136 3080 383 3132 dexteram
400 3119 416 3141 ‚
452 3084 592 3148 quam
613 3083 673 3131 ad
686 3082 918 3134 sinistram
949 3085 1101 3133 adhuc

138 3166 393 3200 cernuntur
419 3188 430 3198 .
471 3150 619 3217 Qud
654 3152 720 3201 hae
747 3173 933 3224 quoque
967 3155 1101 3204 sacrae

139 3221 361 3287 imagines
399 3223 642 3273 auctorem
687 3225 889 3275 eundem
926 3224 1100 3274 habue-

139 3290 239 3338 rint
266 3325 282 3347 ,
318 3309 460 3356 quem
487 3292 773 3360 superiores,
801 3308 970 3363 praeter
997 3297 1099 3365 epi-

209 3359 354 3413 Par-I.

1121 710 1210 756 &a
1239 718 1366 771 patet
1388 707 1533 753 etiam
1560 721 1617 752 ex
1641 703 1849 772 ipsorum
1868 701 2087 752 Musivo-

1123 793 1229 822 rum
1249 793 1451 842 operum
1470 772 1695 822 struciura
1708 810 1724 832 ,
1750 792 1801 821 ac
1818 772 1965 841 specie
1983 787 2088 821 tum

1124 846 1477 902 delineationis,
1514 857 1619 892 tum
1648 845 1951 911 lapillorum3
1981 860 2087 890 nam

1124 914 1278 982 quoad
1301 913 1605 971 strusturam,
1633 914 1816 982 glutine
1838 913 1944 962 albo
1965 931 2090 960 com-

1126 986 1260 1054 pasta
1290 983 1397 1033 sunt
1417 1022 1432 1043 ,
1468 984 1595 1051 quod
1626 1001 1853 1052 magnum
1885 996 2090 1032 certum-

1127 1072 1216 1123 que
1244 1056 1535 1120 antiquitatis
1564 1053 1796 1102 indicium
1825 1052 1918 1109 est,
1946 1066 1997 1099 ut
2016 1052 2093 1099 de³

1129 1124 1492 1173 monstravimus
1532 1123 1664 1190 supra
1709 1126 1861 1190 capite
1895 1126 1986 1173 XI.
2025 1121 2096 1171 Ex

1130 1213 1309 1266 quanam
1324 1200 1501 1244 materia
1516 1210 1635 1260 opera
1651 1192 1840 1261 Mzfiva
1858 1207 2100 1258 componan-

1131 1283 1203 1314 tur
1216 1300 1231 1323 ,
1259 1270 1313 1316 Φ·
1339 1266 1536 1334 quomodo
1558 1265 1652 1332 ipsae
1671 1268 2098 1327 maseriaepraeparen-

1129 1351 1224 1388 cur:
1263 1334 1416 1399 quoad
1437 1331 1640 1382 formam
1666 1333 1782 1381 vero
1799 1333 2102 1399 lapillorum,

1134 1404 1183 1451 hi
1207 1400 1314 1450 sunt
1339 1406 1494 1472 operis
1511 1404 1684 1462 medii3
1712 1400 1908 1450 ulterius
1933 1403 2102 1450 nulla*

1136 1486 1267 1523 extat
1295 1475 1524 1523 memoria
1550 1509 1567 1531 ‚
1604 1473 1752 1520 alium
1786 1469 2103 1521 Pontificem-s

1137 1558 1304 1614 praeter
1320 1543 1524 1594 eundem
1543 1542 1774 1610 Xystmn,
1787 1560 1935 1608 neque
1952 1544 2104 1591 ullum

1137 1617 1330 1664 omnino
1373 1616 1648 1682 quempiam
1686 1613 1780 1661 haec
1815 1630 1956 1679 opera
1995 1631 2105 1661 con-

1137 1680 1343 1733 struxisse
1358 1703 1369 1734 :
1387 1682 1463 1732 sed
1485 1684 1541 1732 de
1559 1683 1747 1730 austore
1769 1681 1903 1742 satis3
1920 1680 2108 1750 propius

1138 1759 1233 1818 jam
1255 1754 1313 1803 ad
1334 1754 1702 1821 explicationem
1723 1752 1999 1800 accedamus
2014 1788 2024 1798 .

1210 1826 1256 1872 Si
1275 1838 1462 1891 tempus
1476 1860 1492 1881 ,
1517 1841 1569 1872 ea
1587 1841 1684 1889 quae
1704 1819 1904 1879 summi,
1925 1818 2111 1870 sanstis-

1140 1892 1338 1961 fimique
1367 1896 1573 1942 Romani-
1602 1889 1848 1943 Pontifices
1875 1893 1923 1939 in
1946 1893 2114 1962 primis

1143 1962 1356 2013 Ecclesiae
1382 1962 1555 2012 saeculis
1583 1962 1641 2010 ad
1672 1961 1986 2011 erudiendam
2020 1963 2114 2010 Dei

1141 2033 1329 2104 plebem
1346 2070 1361 2092 ‚
1393 2032 1632 2102 scripturis
1650 2068 1666 2089 ‚
1703 2032 1929 2099 pisturis,
1960 2028 2113 2079 Musi-

1142 2107 1214 2154 v‘is
1250 2102 1469 2173 oper-ibus
1495 2140 1512 2163 ‚
1556 2100 1752 2169 aliisque
1786 2097 2117 2150 Ecclefiasticis

1144 2176 1450 2224 monimentis
1467 2173 1724 2241 posteritati
1745 2169 2091 2221 demandarunt
2101 2207 2117 2230 ‚

1146 2262 1242 2293 non
1260 2241 1526 2301 invidisset,
1544 2245 1790 2290 innumera
1808 2243 2009 2307 antiquae
2021 2242 2119 2289 Pie-

1148 2316 1256 2364 tatis
1280 2317 1330 2365 &
1351 2314 1613 2381 Religionis
1632 2311 1901 2360 testimonia
1922 2309 2122 2378 superes-

1151 2385 1281 2443 sent,
1308 2402 1407 2451 quae
1428 2402 1510 2432 nos
1540 2380 1836 2451 poste-rosque
1865 2380 2043 2429 nostros
2063 2380 2120 2430 ad

1154 2458 1246 2504 Dei
1265 2456 1473 2512 cultum,
1486 2454 1536 2504 ὃ(
1555 2469 1767 2501 amorem
1787 2452 2031 2499 allicerent
2047 2468 2124 2500 ve-

1153 2528 1397 2575 hementer
1411 2526 1460 2575 &
1481 2524 1785 2591 impellerent
1805 2558 1816 2568 .
1838 2519 1998 2570 Testes
2019 2520 2124 2568 sunt

1151 2598 1287 2660 hujus
1304 2596 1499 2662 inclytae
1521 2593 1777 2642 Liberianae
1798 2588 2001 2640 Bafilicae
2019 2594 2128 2640 Mu-

1153 2665 1366 2715 fivorum
1401 2682 1600 2732 operum
1634 2663 1843 2728 rel‘iquiae
1861 2697 1878 2719 ,
1915 2679 2015 2728 quae
2049 2660 2124 2708 su-

1157 2754 1236 2805 per
1257 2736 1534 2785 coronidem
1554 2729 1759 2802 portich
1781 2731 2047 2789 interioris,
2070 2730 2127 2778 ad

1156 2820 1411 2872 utrumque
1441 2807 1561 2854 latus
1595 2801 1748 2850 adhuc
1776 2800 1995 2849 visuntur
2022 2823 2037 2862 3
2074 2802 2130 2848 li-

1156 2878 1229 2924 cet
1249 2873 1422 2924 alicubi
1451 2869 1644 2923 corrosae
1664 2869 1782 2929 sint,
1817 2873 1866 2921 &
1891 2873 2083 2940 ρίἑὶιιῑίε
2103 2873 2130 2918 ὲ

1158 2947 1417 2994 Dominico
1434 2943 1678 2994 Cardinali
1699 2942 1902 2999 Pinello,
1918 2938 2130 3005 ejusdem

1130 3054 1133 3056 .
1156 3013 1360 3063 Basilica?
1379 3012 1717 3070 restauratore,
1735 3009 1958 3079 suppletae
1973 3047 1983 3056 .
2003 3007 2130 3058 Cum

1154 3085 1270 3135 vero
1302 3087 1393 3133 illae
1430 3082 1491 3133 ob
1522 3083 1804 3133 vetustatem
1831 3098 1883 3128 ac
1911 3078 2129 3127 altitudi-

1154 3174 1265 3206 nem
1295 3152 1419 3204 visui
1445 3156 1530 3203 vix
1561 3149 1891 3221 perceptibiles
1917 3148 2005 3197 sint
2026 3184 2043 3207 ,
2080 3150 2132 3199 &-

1156 3225 1413 3276 earundem
1443 3221 1732 3288 exemplaria
1761 3220 1809 3265 in
1828 3218 2001 3268 celebri
2025 3221 2130 3266 Bar·-

1157 3297 1319 3345 berina
1337 3294 1635 3342 Bibliotheca
1661 3290 2007 3355 reperirentur,
2034 3289 2130 3336 haec

1559 3363 1604 3409 D
1634 3359 1675 3410 d,
1703 3376 1728 3405 2
2014 3359 2131 3407 mihi
