2425 3747
706 225 1212 285 CAPUT
1315 223 1475 279 vm.

77 308 250 358 stantes
270 343 285 366 ,
324 325 376 354 ac
398 305 646 374 propterea
667 303 940 350 Romanam
961 301 1060 353 Ur-

80 379 192 428 bem
230 379 584 447 exprimentes;
619 368 730 420 cum
767 367 1061 438 antiquitus,

79 452 130 500 ὃ(
149 449 381 518 praecipue
414 448 461 494 in
492 448 557 493 V.
587 441 756 491 saeculo
772 477 788 500 ,
825 460 919 491 non
950 460 1060 490 con-

76 523 215 588 tigua
232 555 249 577 ,
279 517 359 567 sed
375 513 582 580 sejunfk'a
611 511 807 562 aedificia
826 511 1063 561 construe·

75 604 280 646 rentur,
315 585 443 654 quod
480 585 680 633 habetur
721 601 777 632 ex
814 584 1062 649 quadam-³

78 657 439 710 Constitutione
456 651 717 706 Theodosii
735 656 1064 722 Imperatoris,

78 735 211 792 cujus
227 725 414 776 summa
440 725 647 777 refertur
666 724 723 772 ab
745 722 1062 773 eruditiffimo

76 795 383 848 Gothofredo
403 800 451 847 in
471 798 554 846 suo
576 795 701 847 Cod.
727 793 1062 844 Theodofiano

76 868 163 917 lib.
184 889 230 933 4.
248 871 322 917 tit.
343 888 423 933 24.
442 869 514 919 De
532 869 870 936 aedifiaprivat.
891 865 972 915 ubi
993 868 1063 912 in-

76 954 153 989 ter
191 941 497 988 Privatorum
524 937 725 987 fabricas
754 938 924 1002 decem
939 972 957 995 ,
990 937 1060 982 in-

76 1024 151 1059 ter
172 1008 384 1079 publieas
410 1008 689 1076 quindecim
709 1008 891 1076 pedum
917 1008 1060 1055 inter-

77 1082 266 1130 vallum
300 1081 507 1146 relinqui
535 1116 552 1138 ,
586 1076 755 1143 juffiffe
790 1082 1060 1146 Imperato-

75 1167 182 1200 rem
213 1165 426 1200 enarrat.
466 1152 526 1197 Et
556 1151 605 1196 in
638 1152 971 1198 Commentar.
1001 1148 1059 1195 ad

73 1221 283 1270 eandem
322 1218 731 1271 Constitutionem
769 1219 906 1267 addit
932 1253 949 1273 ,
986 1219 1057 1263 in-

73 1293 368 1348 tervallum,
397 1288 479 1338 seu
496 1288 702 1358 spatium
734 1290 858 1339 inter
877 1289 1059 1338 vicinas

74 1361 197 1411 aedes
220 1358 355 1411 fuisse
372 1358 701 1428 praescriptum
716 1395 731 1417 ,
761 1374 868 1408 tum
897 1362 1058 1407 incen-

74 1431 146 1480 dii
169 1432 358 1480 vitandi
380 1429 534 1489 causa,
551 1445 657 1478 tum
675 1432 868 1480 luminis
883 1468 900 1490 ,
919 1428 1057 1479 aeris-

75 1520 167 1569 que
194 1500 389 1552 liberius
416 1501 721 1570 excipiendi:
761 1505 897 1552 antea
926 1503 1057 1549 enim

72 1589 128 1622 ea
148 1572 296 1640 spatia
321 1570 584 1641 angustiora
597 1609 613 1630 ,
630 1575 681 1623 &
700 1575 785 1622 vix
806 1575 903 1622 ulla
921 1568 1054 1620 fuisse

77 1641 313 1693 docemur
332 1662 390 1692 ex
410 1644 461 1689 L.
481 1642 726 1702 Maeniana,
743 1648 801 1694 C.
818 1645 889 1695 De
905 1643 1054 1712 aedg'fi'ci

67 1721 248 1780 priwt.
274 1715 302 1758 l.
323 1715 556 1764 Sciendum
571 1750 588 1772 ,
625 1713 671 1763 ff.
695 1717 795 1766 Fin.
816 1715 997 1782 regund-

167 1782 345 1833 Omnia
378 1795 540 1829 autem
571 1785 702 1838 haec,
739 1800 840 1846 quae
868 1787 916 1829 in
947 1783 1061 1829 ulti-

73 1872 162 1902 mae
195 1853 334 1912 hujus
355 1850 557 1898 Tabulae
575 1852 895 1916 explicatione
922 1863 1058 1896 nota-

73 1924 236 1971 vimus
256 1956 272 1977 ,
308 1919 343 1968 fi
376 1917 497 1968 serio
530 1918 918 1987 perpendantur,
957 1935 1059 1984 per-

70 1991 299 2060 spicuum
317 1991 409 2038 erit
422 2025 438 2047 ,
456 2008 547 2037 non
571 1986 725 2038 solum
743 1987 907 2038 ambos
928 1991 1060 2054 Apo-

76 2061 220 2111 stolos
240 2063 403 2109 Romae
429 2056 692 2127 praedicass'e
714 2097 731 2119 ,
768 2059 898 2127 quod
919 2058 1061 2107 docet

76 2132 336 2201 epigraphe
354 2148 496 2198 penes
524 2130 762 2179 Palatium
783 2134 1056 2199 Imperato-

79 2207 172 2260 ris,
210 2201 308 2249 imo
337 2202 385 2248 in
416 2200 586 2250 eadem
617 2199 756 2254 Urbe
784 2203 933 2249 etiam
959 2218 1062 2269 per-

79 2268 288 2322 mansisse
308 2294 323 2334 3
341 2289 440 2339 quae
462 2271 730 2334 conjec‘tura
750 2269 954 2321 consona
974 2267 1062 2320 effe

77 2343 277 2393 videtur
296 2341 454 2392 verbis
474 2343 568 2390 illis
588 2343 811 2392 Dostoris
826 2343 1063 2391 Gentium

77 2416 129 2464 in
161 2411 306 2482 Epist.
340 2412 398 2461 ad
427 2413 598 2480 Philip.
628 2433 730 2482 cap.
753 2433 801 2477 4.
831 2432 878 2460 v.
905 2430 949 2459 2.
979 2412 1061 2461 Sa-

77 2488 224 2536 lutanc
255 2504 338 2534 vos
367 2503 508 2534 omnes
543 2484 729 2542 Sanz‘li,
766 2489 954 2533 maxime}
987 2500 1059 2533 au-

78 2573 165 2604 tem
190 2574 262 2624 qut
286 2555 339 2602 de
356 2557 532 2624 Caefizris
551 2555 669 2604 domo
679 2557 815 2624 sitm:
857 2557 907 2604 ὃς
928 2555 974 2601 hi
995 2551 1060 2604 es-

75 2623 125 2674 se
159 2627 231 2675 illi
262 2623 489 2674 videntur
507 2661 523 2681 ‚
561 2628 641 2693 qui
663 2640 795 2693 togas
821 2644 908 2674 acu
930 2624 1060 2692 depi-

79 2696 177 2745 &as
204 2692 404 2744 habent.
438 2698 608 2762 Neque
627 2695 944 2746 conlideranti
968 2696 1059 2744 mi-

80 2764 168 2814 nus
202 2778 423 2833 apertum
466 2768 557 2816 erit
585 2803 601 2824 ‚
651 2770 817 2816 Beatos
853 2763 1059 2834 Aposto-

78 2837 152 2887 los
171 2836 366 2885 Petrum
385 2872 401 2893 ,
437 2838 486 2886 ὃς
508 2837 709 2886 Paulum
739 2841 904 2887 Romae
929 2833 1061 2886 fuiffe

77 2902 230 2975 passos
258 2943 274 2965 ,
317 2907 527 2973 primum
563 2908 758 2975 quidem
793 2909 923 2958 cruci
960 2905 1060 2954 affi-

69 2994 236 3035 xum,
274 2978 479 3025 alterurn
512 2978 802 3027 decollatum
822 3017 838 3039 ,
876 2978 1005 3048 quod
1035 2981 1060 3028 ὲ

72 3046 368 3114 quibusdam
404 3047 588 3097 diverse
620 3051 646 3097 a
679 3050 977 3106 Catholicis,
1014 3051 1063 3099 &

73 3115 305 3167 ‘adversus
337 3115 530 3168 eosdem
551 3115 887 3180 sentientibus,
916 3121 1059 3187 perti-

76 3186 243 3235 nacius
272 3189 535 3257 denegatur
560 3225 570 3235 .
611 3189 763 3239 Nobis
792 3193 1060 3249 interim-2,

74 3252 193 3303 zeum
210 3257 304 3307 haec
327 3257 567 3308 tradidisse
589 3256 822 3321 sufficiat,
852 3262 946 3312 alio
968 3264 1061 3312 iter

164 3326 310 3379 Par-I.

1114 297 1457 348 instituendum
1475 294 1571 353 est,
1606 297 1657 348 δε
1681 294 1741 344 ad
1771 295 1953 362 reliqua
1982 233 2091 366 [³cm

1113 368 1381 438 perandum
1401 407 1411 416 .

1284 508 1660 562 CAPUT
1737 509 1923 558 VIII.

1116 650 1346 727 Qomodc)
1364 671 1418 699 ex
1436 648 1655 699 arufiam
1669 686 1684 707 ‚
1707 668 1830 719 atque
1849 655 2061 701 caementis
2073 690 2090 712 ‚

1202 722 1536 771 conffrufflionis
1556 718 1872 790 AEdificiorum
1897 740 2008 774 tem-

1406 808 1489 860 pus
1509 796 1632 859 argui
1640 793 1767 860 pqffic
1787 829 1798 839 .

1278 937 1488 984 ABENT
1518 929 1656 988 saxa,
1673 951 1760 982 aera
1777 971 1791 991 ,
1820 932 2029 1000 lapide5‚
2046 933 2096 982 &

1300 1020 1588 1072 quaecunque
1616 1002 1799 1053 vetusta
1830 1004 2099 1051 monimen·-

1113 1092 1161 1125 ta
1190 1073 1551 1145 quodammodo
1584 1090 1724 1122 voces
1755 1073 1887 1131 suas,
1926 1071 2098 1141 quibus

1112 1167 1207 1196 non
1228 1162 1328 1195 tam
1342 1143 1467 1213 gesta
1485 1146 1731 1205 Majorum
1747 1180 1762 1201 ,
1778 1147 1922 1211 quam
1938 1145 1988 1193 ὅ(
2003 1143 2097 1192 ori.

1113 1236 1315 1287 genem,
1343 1228 1626 1279 aetatemque
1654 1212 1784 1260 suam
1807 1211 1978 1279 absque
1999 1213 2096 1260 ulla

1114 1292 1364 1338 literarum
1381 1298 1493 1333 nota
1511 1282 1627 1331 bene
1648 1282 2010 1332 advertentibus
2028 1285 2096 1328 in-

1113 1360 1279 1409 dicant
1295 1396 1304 1405 .

1195 1431 1255 1477 Et
1289 1427 1484 1495 quidem
1525 1423 1764 1473 strue‘curae
1792 1460 1808 1481 ,
1845 1434 2100 1471 caemento-

1109 1518 1314 1567 rumque
1345 1502 1392 1546 in
1428 1495 1636 1546 aedificiis
1665 1497 1954 1544 varietatem
1975 1492 2099 1540 indi-

1110 1574 1239 1620 cium
1258 1566 1345 1620 effe
1364 1569 1563 1617 minim&
1580 1563 1727 1613 fallax
1744 1565 1804 1613 ad
1824 1561 2100 1633 dignoscen-

1112 1643 1194 1692 das
1235 1639 1524 1690 differentias
1561 1652 1843 1705 temporum
1878 1671 1894 1693 ,
1931 1632 2104 1702 quibus

1114 1710 1311 1761 aedificia
1334 1712 1416 1758 illa
1435 1707 1701 1757 consti-ueta
1719 1706 1810 1754 fint
1825 1742 1842 1760 ,
1857 1706 1978 1751 mihi
1997 1708 2102 1750 An-

1113 1785 1366 1850 tiquorum
1393 1795 1499 1826 tum
1526 1772 1721 1839 profana
1746 1808 1761 1828 ‚
1798 1786 1904 1820 tum
1932 1771 2103 1820 sacra-,2

1114 1855 1411 1896 monimenta
1432 1881 1448 1901 ,
1488 1861 1540 1890 ac
1573 1840 1863 1889 fabricarum
1892 1842 2106 1891 rudera-2

1113 1915 1428 1986 perscrutanti
1447 1949 1462 1969 ,
1491 1911 1627 1958 facile
1648 1910 1920 1978 persuasum
1939 1912 2033 1959 fuit
2049 1945 2062 1959 ,-

1187 1984 1316 2035 Cim]
1337 1986 1467 2033 enirn
1491 1981 1745 2048 diligenter
1771 1981 2071 2030 attenderem
2087 2017 2105 2038 ,

1115 2078 1172 2108 an
1205 2053 1450 2124 dispositio
1481 2054 1722 2122 partium,
1759 2066 2104 2101 caementorum

1115 2147 1287 2199 genus,
1309 2122 1621 2175 fenestrarum
1648 2120 1831 2179 forma,
1856 2125 2102 2191 parietum

1117 2198 1443 2256 concinnitas3
1472 2191 1697 2250 firmitas,
1713 2192 1920 2259 species,
1939 2212 2008 2240 ars
2026 2192 2105 2241 de·

1117 2273 1261 2337 nique
1283 2266 1612 2316 struendarum
1626 2300 1641 2320 ,
1669 2265 1718 2314 ἃ
1737 2260 2101 2311 οῑηειηάεὶῐωῃω

1117 2342 1292 2391 aedium
1311 2357 1395 2411 par
1412 2336 1587 2403 ubique
1608 2330 1718 2383 esset
1733 2369 1749 2391 ‚
1769 2348 1953 2382 tantam
1973 2335 2020 2381 in
2043 2333 2100 2380 il·

1114 2414 1171 2462 lis
1195 2411 1362 2459 notavi
1394 2408 1713 2464 varietatem,
1743 2418 1797 2452 ut
1815 2403 2098 2453 saeculorum

1115 2480 1418 2550 quorundam
1450 2475 1717 2534 barbaries,
1750 2475 2096 2543 quorundam

1115 2552 1232 2603 vero
1261 2553 1446 2599 cultura
1462 2585 1481 2607 ,
1516 2566 1575 2597 ex
1597 2564 1768 2596 eorum
1790 2544 1997 2595 aedificiis
2018 2546 2097 2593 ad-

1116 2626 1207 2673 huc
1226 2623 1384 2691 apert&
1410 2622 1635 2686 loquatur
1654 2655 1664 2665 .

1187 2691 1505 2745 Observando
1542 2691 1689 2758 igitur
1704 2724 1719 2745 ,
1754 2685 1851 2736 fere}
1884 2703 2101 2753 unoquo-

1115 2783 1213 2834 que
1227 2764 1393 2813 saeculo
1422 2758 1649 2829 quasdam
1677 2759 1836 2807 veluti
1862 2771 2010 2806 certas
2029 2775 2102 2806 τε·

1115 2838 1247 2906 gulas
1276 2837 1325 2882 in
1351 2845 1692 2882 caementorum
1724 2828 1979 2878 seleRione
2002 2865 2018 2886 ,
2050 2828 2100 2876 &

1116 2911 1164 2955 in
1198 2904 1405 2955 aedificiis
1441 2899 1768 2951 construendis
1787 2936 1803 2957 ,
1842 2913 1983 2965 atque
2018 2914 2095 2944 or-

1117 2979 1283 3026 nandis
1298 3013 1315 3034 ‚
1342 2973 1477 3022 sicuti
1498 2974 1693 3020 illorum
1715 2985 1993 3038 temporum
2019 2966 2098 3013 vel

1118 3047 1398 3117 praestantia,
1413 3044 1491 3093 vel
1515 3044 1758 3111 imperitia
1778 3038 1972 3092 ferebat,
1987 3031 2100 3082 fuis-

1116 3119 1161 3168 se
1189 3116 1393 3168 servatas
1423 3139 1436 3177 3
1472 3115 1642 3182 collegi
1675 3111 1856 3161 eisdem
1888 3107 2096 3174 regulis,

1115 3203 1196 3238 aut
1212 3191 1335 3238 notis
1353 3189 1423 3235 uti
1445 3182 1567 3254 posse
1587 3184 1645 3230 ad
1664 3176 1984 3246 indagandam
2003 3177 2095 3223 oni-

1111 3263 1274 3331 ginem
1289 3296 1305 3319 ,
1332 3260 1383 3309 &
1408 3252 1693 3306 vetustatem
1718 3245 2095 3302 construetionis,

1661 3324 1685 3370 Ι
2016 3329 2098 3364 aut
