2425 3747
429 291 556 325 xxx!

426 344 534 392 usui
563 340 652 394 effe
677 339 888 411 possent,
919 338 1175 406 diligenter
1203 348 1480 405 paraverat:
1510 337 1714 406 ideoque
1736 338 2041 388 Academica:
2064 340 2295 388 exercita*

429 416 581 463 tiones
595 413 752 462 statim
777 413 980 476 i11caeptae
1003 409 1144 456 initio
1160 405 1352 477 singulis
1364 408 1814 468 hebdomadis,mox
1828 410 1944 459 vero
1964 408 2153 478 lingulis
2167 426 2294 457 men-

431 483 554 535 fibus
569 520 586 543 ,
606 482 790 531 summo
812 496 920 526 cum
932 477 1098 546 plausu
1115 514 1130 537 ‚
1160 479 1209 528 δε
1225 476 1455 526 concursu
1475 478 1724 529 celebratae
1743 478 1851 529 sunt
1872 517 1883 529 .

573 558 703 604 Inter
720 545 1037 609 dostiffimos,
1058 549 1106 598 ὅ(
1135 546 1467 596 illustrissimos
1487 551 1632 598 Viros
1659 585 1675 606 ,
1696 552 1775 616 qui
1812 551 2057 618 Ciampini
2101 549 2291 597 Acade·-

432 629 582 675 miam
600 624 823 670 decorare
849 616 1197 667 consueverunt
1216 651 1230 674 ,
1255 615 1525 667 recensendi
1543 621 1777 686 praecipue
1796 617 1907 668 sunt
1925 624 2133 687 joannes
2156 624 2293 668 Fran-

432 694 575 748 ciscus
607 690 819 739 Albanus
833 723 849 745 ‚
869 687 927 737 ad
946 689 1130 756 apicem
1149 686 1455 757 Apostolatfis
1480 688 1654 739 deinde
1675 690 1866 739 evecskus
1882 725 1898 747 ,
1919 691 1969 739 &
1991 689 2297 744 Undecimus

434 768 658 817 Clemens
674 772 969 826 nuncupatus
987 776 998 804 :
1016 760 1216 809 Carolus
1232 759 1291 807 de
1321 759 1573 820 Tournon‚
1590 757 1891 827 postmodum
1914 763 2080 808 S.R.E.
2100 758 2298 827 Presby-

431 852 503 885 ter
535 830 832 886 Cardinalis,
861 830 911 878 ὃ(
941 829 1000 877 ad
1028 831 1250 880 Sinarum
1286 830 1554 896 Imperium
1573 830 1632 878 de
1663 830 1828 878 Latere
1863 831 2068 897 Legatus
2090 827 2298 899 :joseph

430 906 588 956 Maria
605 896 890 950 Thomafius
906 935 920 956 ,
937 917 995 948 ex
1018 898 1232 948 Ducibus
1254 900 1425 948 Palmae
1445 900 1492 945 in
1509 900 1669 946 Sicilia
1686 933 1702 956 ,
1733 917 1845 948 mox
1865 902 2011 948 etiam
2041 898 2299 966 Presbyter

431 972 731 1027 Cardinalis,
751 970 924 1036 pietate
942 1005 957 1026 ,
984 970 1225 1027 doffiriua,
1257 971 1306 1019 ὃς
1327 967 1573 1018 nobilitate
1593 967 1993 1037 praeclariffimus:
2016 971 2306 1019 Dominicus

432 1047 635 1097 Riviera
650 1077 666 1099 ,
688 1038 829 1089 hodie
851 1042 894 1087 S.
915 1043 974 1088 R.
993 1041 1046 1087 E.
1061 1038 1317 1108 Presbyter
1345 1040 1612 1089 Cardinalis
1627 1074 1644 1097 ‚
1665 1039 1714 1088 &
1733 1041 1877 1088 Sacrae
1902 1041 2305 1111 Congregationis

432 1118 551 1167 Boni
578 1111 845 1178 Regiminis
864 1107 1111 1159 PraefeRus
1139 1108 1462 1159 meritiffimus
1479 1146 1489 1157 .

575 1183 673 1233 Hic
706 1178 891 1229 affiduis
921 1182 1259 1248 experimentis
1282 1182 1450 1229 intenti
1471 1178 1744 1230 liberalium
1765 1181 1939 1229 artium
1963 1182 2176 1249 primarii
2197 1183 2308 1231 Pro·

433 1253 618 1307 sessores
632 1292 646 1315 5
666 1248 1055 1300 observationum
1073 1250 1302 1300 faciarum
1319 1251 1583 1300 testimonia
1598 1287 1614 1308 ,
1631 1248 1948 1317 unusquisque
1967 1268 2051 1318 pro
2072 1250 2147 1298 sua
2163 1249 2307 1300 facul-

435 1341 531 1376 tate
549 1360 564 1382 ,
583 1324 720 1371 brevi
739 1319 994 1369 ediderunt
1013 1358 1023 1368 .
1060 1326 1190 1371 Inter
1210 1322 1381 1388 primos
1402 1325 1614 1390 Joannes
1638 1323 1880 1370 Antonius
1912 1323 2147 1370 Borellius
2177 1340 2305 1370 com-

436 1394 564 1447 misit
593 1394 734 1462 praelo
759 1391 1011 1441 Traffacum
1039 1392 1089 1441 de
1110 1409 1220 1440 motu
1252 1393 1556 1443 Animalium:
1595 1392 1742 1439 Lucas
1781 1393 2018 1440 Antonius
2051 1393 2235 1441 Portius
2253 1393 2307 1442 de

436 1466 643 1522 Fontibus
661 1485 671 1512 ι
707 1463 920 1529 Raphael
937 1459 1184 1511 Fabrettus
1202 1462 1254 1510 de
1271 1466 1414 1530 Aquis
1432 1499 1447 1520 ,
1467 1466 1521 1513 (ν’
1541 1462 1871 1530 Aquaedufiibus
1889 1462 2116 1513 veteribus
2138 1464 2301 1514 Romae:

434 1539 603 1588 Paulus
632 1528 872 1583 Manfredi
897 1533 948 1580 de
966 1537 1099 1582 novis
1124 1534 1498 1601 obsbrvationibus
1530 1538 1641 1581 circa
1660 1535 1846 1589 oculum,
1876 1536 1930 1583 (9⁹
1962 1551 2133 1583 aurem:
2169 1537 2302 1581 Μητ-

439 1611 582 1657 thaeus
606 1609 876 1671 Campanus
906 1603 958 1651 de
977 1608 1111 1654 novis
1144 1609 1449 1671 experimentis
1480 1604 2029 1672 Phystco-mathematicis3
2067 1606 2184 1651 item
2213 1605 2308 1653 de.»

439 1679 671 1745 Horologio
701 1709 715 1732 ‚
735 1674 774 1741 s
766 1675 828 1723 olo
867 1689 1022 1723 naturae
1061 1691 1173 1723 motu
1205 1710 1221 1731 ,
1257 1684 1312 1726 (3·
1338 1679 1508 1744 ingenio
1539 1676 1789 1724 dimetiente
1825 1692 2037 1723 momenta
2073 1679 2271 1739 temporis
2293 1693 2306 1723 ἓ

438 1744 709 1800 franciscus
729 1743 1002 1792 Eschinardi
1019 1745 1266 1792 Societatis
1283 1744 1399 1813 Jesu
1418 1747 1470 1794 de
1495 1743 1657 1810 Impetu
1676 1767 1690 1804 5
1722 1747 1838 1791 item
1866 1746 1918 1792 de
1940 1747 2076 1813 Curfit
2104 1744 2307 1811 Phyfico-

438 1818 734 1869 mathematico
754 1851 767 1873 ‚
784 1815 834 1862 &
865 1815 955 1862 alia.
974 1834 986 1863 t
1005 1810 1186 1883 Joseph
1208 1813 1405 1863 Tertius
1430 1815 1482 1863 de
1497 1813 1829 1883 Curicfitasibus
1855 1815 2079 1881 Phyficis:
2102 1810 2306 1862 Francis-

440 1909 519 1941 cus
551 1887 610 1936 de
631 1884 928 1951 Honuphriis
946 1885 998 1933 de
1025 1883 1195 1932 Abona
1223 1883 1455 1951 bicorporeo
1477 1905 1488 1932 :
1521 1883 1744 1937 Urbanus
1767 1883 1987 1932 Davifius
2007 1887 2058 1933 de
2078 1885 2278 1934 Fontium
2291 1917 2308 1941 ‚

437 1965 491 2012 Θ
508 1959 752 2009 Fluminum
769 1957 954 2022 origine:
975 1951 1154 2021 Joseph
1176 1953 1437 2021 Dionysius
1455 1954 1684 2002 Ponthius
1713 1954 1765 2002 de
1781 1956 1819 2004 C
1821 1960 2012 2005 ometicis
2039 1954 2303 2023 obfirvasio·

441 2030 583 2084 nibus,
594 2025 754 2076 habitis
776 2023 826 2072 ab
848 2024 1083 2073 Academia
1102 2023 1597 2093 Pbyfico-mathematica
1615 2028 1737 2073 annis
1763 2029 1908 2074 1680.
1930 2030 1985 2076 Θ·
2009 2030 2099 2074 168
2115 2046 2153 2074 1.
2174 2025 2308 2072 Tho-

440 2118 538 2149 mas
554 2098 700 2145 etiam
721 2096 993 2144 Petruccius
1011 2129 1026 2151 ,
1054 2093 1264 2155 ejusdem
1287 2094 1562 2144 Academiae
1581 2096 1771 2151 Socius,
1793 2096 1926 2162 typis
1943 2094 2196 2143 mandavit
2209 2096 2309 2160 Spi-

443 2171 641 2239 cilegium
656 2166 959 2216 Anatomicum
977 2164 1027 2213 de
1055 2164 1276 2214 ft'ruc‘iura
1292 2201 1307 2223 ,
1332 2169 1386 2216 (Ὺ
1402 2167 1476 2234 usta
1495 2168 1753 2234 capsularum
1776 2168 2011 2214 renalium:
2042 2164 2308 2214 Franciscus

445 2238 733 2290 Brunaccius
751 2274 765 2296 ,
786 2237 835 2286 &
855 2231 1123 2285 Franciscus
1153 2238 1309 2285 Maria
1330 2238 1606 2285 Honoratus
1631 2236 1748 2299 (qui
1767 2247 1924 2284 tamen
1947 2236 1989 2281 in
2005 2232 2158 2284 fronte
2175 2238 2307 2302 Ope*

448 2313 510 2360 ris
534 2304 760 2358 Curfinus
778 2304 1090 2355 Francobacci
1107 2344 1122 2366 ‚
1138 2306 1186 2355 ὅ(
1204 2303 1456 2354 Africanus
1470 2307 1652 2354 Scirota
1666 2308 1907 2352 Romanus
1931 2303 2141 2371 inscripti
2175 2303 2305 2366 sunt)

441 2380 524 2434 Ad
551 2379 852 2431 Placidianam
875 2374 1116 2427 doffrinam
1138 2377 1450 2433 additamenta,
1469 2390 1665 2441 excerpta
1687 2395 1742 2423 ex
1757 2379 1885 2423 tertio
1901 2373 2012 2424 libro
2027 2375 2308 2425 Ast'ronomi-

443 2468 588 2500 carum
617 2467 785 2498 rerum:
817 2449 866 2499 &
891 2447 973 2494 alii
1003 2447 1305 2517 quamplures
1324 2447 1604 2518 quamplura
1626 2445 1717 2494 alia
1744 2444 1915 2494 Italico
1937 2442 2166 2494 idiomate
2196 2464 2307 2494 conv

444 2522 636 2571 cinnata
667 2520 926 2586 vulgarunt
944 2552 954 2562 .
1341 2516 1345 2518 ’

586 2589 774 2637 Mirum
792 2585 857 2636 est
871 2584 1100 2652 quantum
1123 2589 1170 2634 in
1192 2587 1275 2634 hac
1295 2586 1597 2636 scientiarum
1615 2582 1820 2652 palaestra
1847 2585 2200 2635 Mathematicae
2220 2584 2309 2633 dis-

447 2659 632 2726 ciplinae
650 2657 951 2707 refloruerint
967 2691 983 2712 ,
1017 2657 1066 2705 ὅ(
1080 2655 1308 2722 quantum
1329 2659 1420 2705 illis
1437 2652 1674 2703 accesserit
1692 2656 1972 2703 incrementi
1995 2692 2005 2702 .
2038 2654 2302 2705 Microsco-

446 2731 523 2796 pia
550 2728 829 2795 elegantiori
850 2726 995 2774 modo
1015 2726 1275 2775 construsta
1291 2762 1308 2785 ,
1329 2725 1457 2774 Tubi
1488 2726 1653 2790 Optici
1691 2722 1876 2773 summo
1896 2724 2047 2774 studio
2065 2763 2079 2784 ,
2102 2729 2150 2776 ὃ(
2176 2725 2306 2774 ηονέ.

445 2798 716 2846 mechanice
736 2797 949 2854 inventi,
979 2795 1259 2864 Telescopia
1288 2796 1346 2845 ad
1363 2797 1544 2862 palmos
1576 2792 1834 2842 biscentum
1850 2796 1900 2845 &
1917 2798 2122 2862 quinque
2140 2798 2306 2864 ampli-

446 2865 582 2914 ficata
600 2902 616 2923 ‚
647 2869 801 2915 multa
819 2883 919 2934 quae
939 2867 986 2912 in
1003 2866 1208 2915 tenebris
1225 2865 1409 2933 prorsus
1427 2862 1765 2913 delitescebant
1787 2899 1802 2922 ,
1824 2866 1925 2914 luce
1944 2867 2142 2914 clariora
2161 2866 2309 2916 osten-

446 2937 620 2985 derunt
638 2971 648 2981 .
682 2937 821 2984 Tunc
851 2953 1087 2984 novarum
1106 2954 1264 2985 rerum
1285 2935 1581 3001 indagatores
1598 2969 1614 2992 ,
1637 2935 1757 2982 inter
1778 2936 1866 2982 alia
1892 2933 2100 3003 spestatu
2133 2937 2274 3006 digna
2289 2973 2306 2995 ,

449 3004 673 3067 admirati
705 3005 813 3054 sunt
847 3007 891 3052 in
931 3023 1235 3073 gemmarum
1256 3005 1530 3055 Elcstuariis
1562 3001 1888 3054 minutiffimas
1924 3005 2308 3074 particulas,seu

447 3074 710 3144 fragmenta
728 3112 743 3134 ,
761 3072 929 3143 quibus
942 3077 1031 3123 illae
1049 3075 1345 3125 constabant:
1375 3078 1421 3123 in
1437 3072 1582 3122 succis
1596 3072 1836 3122 stillatitiis
1858 3078 2126 3143 plantarum
2143 3075 2308 3125 conso-

449 3145 609 3194 lidatis
638 3146 952 3203 lineamenta,
979 3142 1200 3202 frustula,
1218 3148 1267 3196 &
1290 3143 1402 3195 folia
1420 3181 1436 3202 ,
1458 3161 1556 3210 quae
1585 3144 1721 3190 initio
1753 3144 2014 3194 habebant:
2047 3147 2095 3193 in
2114 3147 2227 3207 alis,
2256 3147 2308 3197 &

450 3217 677 3283 lanugine
697 3217 996 3283 Papilionum
1017 3208 1284 3264 tenuiffima
1305 3215 1381 3263 fila
1398 3253 1413 3277 ,
1428 3215 1477 3265 &
1496 3214 1640 3262 exiles
1657 3213 1909 3262 herbarum
1943 3214 2150 3283 stipites,
2178 3216 2310 3267 undev

448 3282 700 3336 nascuntur
717 3323 727 3334 .
767 3286 908 3335 Tunc
931 3287 1072 3355 periti
1100 3284 1384 3338 Coelestiurn
1400 3300 1652 3352 corporum
1674 3281 1952 3335 scrutatores
1985 3287 2034 3335 in
2058 3284 2190 3336 astris
2208 3304 2303 3335 non

2184 3369 2310 3417 ante³
