2482 3742
742 255 781 306 C
849 256 895 303 Α
966 255 1004 305 Ρ
1080 256 1126 308 U
1199 253 1245 305 T
1344 252 1398 306 X
1412 252 1513 304 IX·
2046 277 2062 305 1
2076 274 2133 316 73

195 327 370 376 Sacella
389 322 423 373 fi
437 338 529 372 non
549 319 908 380 aderant,fuiffe
929 323 1094 373 saltem
1166 325 1410 373 laudatum
1435 327 1697 373 Gruterum
1713 360 1729 382 ,
1755 326 1804 373 ὅς
1831 326 2058 391 praecipu&
2080 346 2138 375 ex

121 415 219 444 aras
235 433 250 454 ‚
287 396 463 445 nemini
503 393 769 462 negandum
805 391 870 441 est
894 415 909 454 ;
946 395 1098 461 liquet
1170 412 1229 443 ex
1245 397 1353 452 illa,
1371 413 1469 461 quae
1487 393 1683 443 habetur
1699 413 1804 462 pag.
1827 412 1853 452 7
1867 412 1883 440 1
1898 411 1941 453 5.
1960 411 2036 440 nu.
2058 414 2074 442 1
2088 417 2131 444 0.

121 468 249 515 enim
267 484 323 514 ex
340 463 555 535 pluritnis
573 461 954 534 inscriptionibus
971 465 1097 533 apud
1170 480 1222 512 ut
1241 461 1556 532 subsequitur.

152 604 208 650 C.
248 603 458 650 VIVS.
499 602 773 651 PATER.
813 602 1109 651 NATVS.
1148 603 1409 649 MISER.
1448 601 1755 649 DESIDE—

152 673 304 720 RIO.
345 670 635 720 NATAE.
676 673 897 719 DIEM.
934 671 1050 718 ET.
1090 671 1442 720 NOCTEM.
1481 672 1655 719 CVM

150 741 568 790 LACRIMIS.
610 741 948 791 TRAXIT.
989 740 1281 792 VITAM.
1322 738 1622 787 MALAM

149 809 601 862 MORTVVM.
639 812 764 860 ME.
804 812 1175 878 QVOQVE.
1213 809 1631 860 FVNERARI

150 882 376 929 IVSSI.
431 884 709 932 REBVS.
763 882 1192 932 LVGVBRIS.
1248 880 1565 946 QVIBVS,
1620 882 1893 931 VIVOS
1944 883 2105 932 PAR

149 950 646 1003 AVLLECTO.
686 952 1191 1002 STRAGVLIS.
1229 949 1665 1000 FORENSIS.
1707 950 2107 1002 PAENVLA

150 1022 471 1070 NIGRIS.
524 1024 944 1075 OMNIBVS.
994 1023 1212 1071 OSSA.
1263 1023 1454 1069 MEA.
1505 1020 1608 1067 IN.
1657 1023 1892 1069 ARAM
1941 1025 2103 1074 MIX

149 1089 276 1139 TA.
330 1093 533 1142 CVM.
588 1094 898 1142 FILIAE.
954 1094 1155 1142 VNA.
1210 1090 1870 1156 REQVIESCVNT.
1923 1094 2103 1142 HOC

148 1161 624 1214 SOLACIVM.
676 1164 992 1211 MECVM
1048 1162 1274 1209 ERIT.
1323 1161 1604 1209 CIRCA.
1654 1162 1920 1208 ARAM.
1969 1163 2103 1212 LIB

145 1231 414 1279 ERTIS.
465 1231 1213 1297 LIBERTABVSQVE.
1263 1229 1855 1294 POSTERISQVE

144 1303 444 1350 EORVM.
485 1302 580 1350 ET
618 1304 918 1367 QVIBVS
954 1300 1523 1348 PERMISERINT.
1563 1300 1729 1347 HAC
1781 1300 1962 1348 LEGE.
2003 1301 2101 1351 VT

145 1368 518 1436 QVOTIENS.
557 1373 734 1437 QVIS.
773 1373 1036 1422 EORVM.
1078 1373 1233 1419 SVIS.
1275 1370 1618 1420 CORONAS.
1673 1369 1964 1417 PONENT.
2015 1372 2102 1418 ET

146 1442 368 1489 ARAM.
409 1442 763 1492 NOSTRAM.
806 1440 1207 1493 CORONENT.
1249 1439 1591 1489 ATIMETO.
1633 1436 1740 1485 LIB

146 1511 412 1561 CVIVS.
450 1514 683 1563 DOLO.
722 1514 980 1562 FILIAM.
1023 1514 1233 1559 AMISI.
1273 1510 1604 1558 RESTEM.
1654 1507 1756 1555 ET
1803 1510 2101 1562 CLAVOM

577 1584 782 1633 VNDE.
824 1585 963 1631 SIBI.
1005 1582 1309 1632 COLLVM.
1352 1577 1665 1628 ALLIGET.

192 1726 317 1771 Item
335 1741 440 1791 pag.
457 1731 573 1787 46¹6.
595 1739 724 1769 num.
743 1728 792 1770 6.
813 1723 983 1788 legitur
1002 1722 1092 1769 alia
1146 1724 1361 1769 neam.In
1379 1719 1462 1764 hac
1475 1719 1647 1785 Figura
1667 1712 1851 1764 fabricae
1867 1717 2005 1766 facies
2022 1736 2126 1786 pro·

121 1789 364 1861 inscriptio
395 1811 451 1841 ex
482 1792 638 1860 lapide
663 1789 921 1840 Tiburtino
953 1792 1092 1848 rudi,
1149 1792 1356 1859 ponitur,
1371 1802 1423 1835 ut
1442 1806 1499 1838 ex
1517 1786 1755 1856 parietinis
1772 1789 1940 1851 conjici
1957 1787 2126 1855 potest,

121 1859 205 1909 sita
237 1865 284 1910 in
320 1864 503 1930 templo
537 1866 580 1909 S.
604 1860 782 1911 Orestis
818 1861 878 1910 ad
896 1860 1094 1910 Falisco·
1150 1879 1258 1908 nam
1277 1862 1399 1908 ultra
1417 1858 1674 1907 dimidium
1693 1861 1881 1906 externe
1904 1856 2026 1906 terra
2045 1858 2125 1906 ob-

120 1948 228 1980 rurn
247 1947 462 1982 montem
481 1931 722 1982 Sorastem
739 1964 750 1977 .
779 1931 846 1978 Ea
865 1931 954 1981 est:
1150 1943 1254 1979 ruta
1274 1929 1336 1978 est
1352 1964 1367 1986 ,
1385 1929 1565 1977 interne
1589 1941 1746 1975 tamen
1770 1945 1917 1975 vacua
1933 1964 1949 1986 ,
1968 1931 2123 1994 proin.

300 2039 338 2079 V
391 2039 433 2078 M
489 2040 514 2078 S
533 2038 563 2078 E
582 2038 736 2079 L1C1
790 2037 827 2077 C
846 2038 877 2077 L
894 2038 924 2078 Ε
1151 2005 1303 2066 deque
1329 1999 1542 2066 plurimae
1570 1998 1617 2043 in
1640 2014 1692 2045 ea
1711 1997 1892 2045 cellulae
1923 2014 2123 2044 cernun-

346 2066 355 2076 ’
426 2066 514 2154 &T
565 2113 590 2153 S
642 2115 667 2152 S
687 2114 716 2153 E
747 2065 756 2074 ⁶
792 2114 825 2153 I.
1152 2085 1230 2118 tur
1246 2106 1261 2127 ,
1279 2087 1377 2135 quae
1399 2066 1633 2115 fornicatae
1657 2062 1788 2124 sunt,
1827 2080 1879 2113 ut
1896 2067 1943 2113 in
1958 2068 2057 2136 Fjg.
2075 2087 2123 2131 4.

314 2115 357 2154 M
378 2115 409 2155 E
528 2115 546 2154 I
596 2140 605 2151 ⁸
738 2115 772 2154 V
801 2114 903 2200 *RI
959 2187 962 2189 Α
1149 2142 1488 2203 continentque
1508 2137 1649 2194 ollas,
1669 2134 1762 2185 five
1782 2154 1945 2195 urnas,
1961 2137 2009 2183 in
2027 2139 2126 2203 qui·-

344 2187 390 2227 Μ
413 2186 449 2228 V
469 2188 507 2226 N
525 2188 563 2227 C
581 2189 597 2229 Ι
616 2190 644 2229 P
663 2189 679 2228 Ῑ
697 2189 751 2229 O'
789 2195 824 2229 (⁴
840 2192 875 2231 A
1151 2209 1235 2258 bus
1253 2206 1586 2258 defunstorum
1613 2207 1791 2255 cineres
1809 2205 2123 2254 occludeban-

359 2259 390 2302 P
411 2261 442 2303 E
460 2263 500 2302 N
515 2263 552 2303 Α
572 2262 620 2302 Τ·
654 2264 688 2302 A
712 2264 746 2302 R
765 2263 801 2302 A
821 2264 864 2303 M
1150 2294 1228 2329 tur
1249 2301 1259 2328 :
1299 2283 1424 2326 unde
1445 2280 1468 2325 a
1485 2276 1688 2344 geminis
1710 2276 1830 2333 illis,
1852 2294 1950 2342 quae
1971 2277 2018 2322 in
2039 2273 2125 2323 sm-

302 2336 332 2377 P
350 2335 392 2378 Ο·
409 2335 433 2375 S
454 2337 489 2376 V
509 2336 539 2375 E
561 2337 598 2377 R
616 2337 653 2378 V
671 2338 708 2376 Ν
725 2335 774 2377 T·
812 2337 876 2378 ΡῙ
898 2340 917 2379 Ῑ
1148 2352 1270 2421 gulis
1290 2348 1456 2398 loculis
1488 2358 1675 2403 extant,
1703 2347 1751 2395 ὃς
1769 2348 1793 2394 a
1811 2342 2123 2395 fimilitudine

435 2408 468 2451 L
487 2408 507 2448 Ῑ
527 2408 556 2448 Β
574 2409 608 2450 E
627 2410 665 2450 R
685 2412 757 2453 ΤῙ
779 2439 788 2451 ·
1149 2421 1249 2468 nidi
1279 2417 1607 2467 columbarum
1625 2450 1641 2473 ,
1679 2414 1908 2483 praedictae
1938 2415 2124 2463 cellulae

192 2491 505 2542 Exhibuimus
520 2496 614 2544 haec
631 2498 925 2546 monimenta
950 2515 1004 2546 ex
1026 2499 1093 2544 in·
1148 2489 1421 2544 Columbaria
1436 2523 1451 2545 ‚
1483 2488 1527 2533 ni
1545 2485 1682 2533 fall&
1702 2522 1718 2543 2
1755 2488 1969 2534 vocitatae
1988 2482 2121 2532 sUsst‘-

123 2565 330 2614 numeris
344 2599 360 2622 ,
398 2582 498 2630 qua:
524 2584 605 2633 per
640 2585 805 2635 agrum
825 2571 1096 2616 Romanum
1151 2563 1366 2611 Alterius
1386 2555 1686 2608 Columbarii
1708 2558 1950 2625 exemplar
1970 2574 2120 2604 cum-„2

125 2636 455 2702 reperiuntur,
474 2634 564 2683 alia
583 2633 859 2686 sublimiora
877 2674 892 2695 ,
922 2639 1011 2685 alia
1030 2640 1097 2683 in-
1151 2625 1534 2699 inscriptionibus
1562 2624 1701 2676 refert
1726 2629 1985 2688 praecitatus
2012 2630 2122 2693 Spo-

123 2702 320 2762 feriora,
350 2718 491 2773 prout
514 2706 719 2754 Familiae
745 2707 957 2756 conditio
978 2705 1094 2756 fere·
1151 2704 1255 2750 nius
1287 2705 1332 2748 in
1352 2698 1442 2747 suis
1469 2697 1775 2766 Mifiellaneis
1799 2698 1972 2745 eruditae
1999 2702 2119 2744 anti—

127 2774 205 2823 bat
232 2777 282 2826 &
306 2774 550 2844 splendor.
589 2776 658 2823 Ex
680 2774 979 2827 inferioribus
1014 2795 1096 2825 ve·
1148 2777 1329 2842 quitatis
1348 2769 1527 2827 Segi-9.
1558 2771 1668 2817 Hoc
1687 2781 1846 2815 autem
1866 2766 2126 2816 Columba*

126 2844 179 2893 ro
200 2845 329 2894 aliud
353 2847 595 2914 exemplar
623 2845 787 2895 damus
818 2848 863 2893 in
886 2847 1092 2897 eadem.-‚
1149 2846 1301 2899 rium,
1341 2839 1435 2888 sive
1459 2838 1770 2904 Sepulchrum
1798 2837 1991 2886 videtur
2007 2833 2118 2910 fuis-

128 2915 315 2964 Tabula
345 2915 504 2965 XLII.
531 2917 701 2984 Figura
730 2933 773 2976 3.
796 2917 1099 2967 Prominebat
1150 2912 1194 2962 se
1233 2911 1443 2960 Familiae
1475 2907 1801 2957 Abucciorum
1821 2921 1926 2982 &Ut
1956 2925 2013 2955 ex
2049 2907 2116 2952 ie-

127 2986 216 3034 hoc
249 2982 498 3034 aedificium
525 2986 646 3034 inter
678 2990 807 3035 viam
828 2985 1095 3035 Asinariam
1148 2983 1309 3050 quenti
1337 2977 1672 3046 inscriptione,
1711 2977 1885 3025 omilhs
1914 2975 2114 3023 nonnul-

126 3057 176 3105 &
206 3057 415 3124 Appiam
442 3053 765 3115 dextrorsum,
792 3057 917 3105 unde
946 3059 1093 3104 Mari·
1150 3055 1204 3101 lis
1223 3052 1324 3100 aliis
1349 3049 1405 3097 ab
1430 3052 1602 3098 eodem
1622 3049 1796 3117 Sponio
1820 3047 2002 3101 relatis,
2018 3043 2114 3089 col-

130 3143 246 3177 num
275 3129 364 3174 iter
395 3123 495 3192 post
516 3124 736 3175 ultimam
764 3125 822 3176 ab
856 3125 990 3181 Urbe
1020 3129 1092 3176 vi-
1148 3125 1231 3191 ligi
1253 3118 1432 3191 potest-

1940 3321 1991 3368 L.
2013 3324 2116 3370 AB·
