2482 3742
86 401 266 451 eminet
291 399 474 468 epallio
492 402 667 450 cervici
687 398 920 449 obvoluto
941 399 1054 448 dex-

84 485 158 519 tra
171 492 182 519 ε
197 468 480 536 sinistraque,
496 475 566 521 uti
584 473 681 520 aliae
699 471 952 538 ImagineS,
971 487 1054 520 vo.-

86 542 250 593 lumen
269 537 519 607 obstringit
534 578 545 588 .

159 615 216 660 In
234 623 429 675 utraque
447 614 580 678 pallii
598 610 781 659 fimbria
797 613 970 681 legitur
983 612 1058 658 Li-

86 694 190 732 tera
205 681 256 726 L.
278 679 402 728 reeta
419 681 469 730 &
487 681 669 731 inversa
687 703 703 742 3
732 700 785 731 ea
799 676 982 731 fortasse
998 681 1057 731 de

89 747 223 803 causa
242 784 258 806 ,
293 751 402 815 quia
429 753 627 802 interior
647 769 750 819 pars
767 750 961 799 fimbriae
976 769 1056 800 ex-

90 821 234 871 terius
251 820 427 870 reflexa
446 822 510 871 est
528 859 539 870 .
567 824 823 890 Teguntur
843 820 1059 869 sandaliis

85 889 228 961 pedes
239 925 255 948 ,
271 908 475 957 quorum
490 891 665 942 sinister
681 890 864 959 pictura
879 889 1060 959 expres.-

86 960 164 1011 sus
179 958 245 1009 est
257 996 267 1007 .
287 962 498 1010 Secunda
516 967 680 1029 Imago
700 960 944 1011 dexteram
962 962 1057 1010 ele-

87 1045 175 1080 vat
208 1046 341 1080 more
375 1029 726 1081 sermocinantis
749 1055 764 1093 3
799 1031 1058 1099 habetque,

87 1103 138 1149 in
153 1118 234 1149 ora
249 1102 381 1168 pallii
399 1103 454 1150 L.
475 1120 834 1172 monogramma
847 1139 858 1150 .
890 1102 1058 1152 Tertia

85 1171 281 1220 demum
297 1207 315 1230 ,
340 1173 390 1222 &
405 1175 603 1232 ultima,
633 1191 731 1241 quae
749 1171 1056 1222 imberbem-2

87 1247 313 1305 juvenem
335 1243 480 1292 refert
494 1279 512 1301 ,
536 1244 752 1293 dextram
772 1245 822 1294 &
844 1240 940 1312 ipsa
956 1262 1057 1291 ma-

85 1329 206 1359 num
231 1313 439 1368 attollit,
470 1326 609 1378 atque
638 1312 849 1360 indicem
881 1315 952 1361 ori
980 1312 1061 1360 ad÷

85 1392 285 1440 movet3
306 1376 484 1428 finistrz'i
502 1381 647 1449 pallio
665 1378 789 1429 testei.
809 1382 1062 1429 dexterum

87 1449 308 1499 cubitum
337 1448 586 1499 sustentat.
626 1454 684 1500 In
708 1464 906 1518 utraque
940 1463 1061 1517 togae

87 1520 276 1571 fimbria
304 1518 472 1568 vifitur
498 1522 636 1569 litera
671 1522 724 1567 L.
757 1521 884 1570 reeta
913 1520 963 1570 &
993 1523 1062 1566 in<²

87 1590 221 1639 versa
240 1612 256 1651 3
282 1589 516 1658 pedesque
532 1627 548 1649 ,
566 1591 771 1657 quorum
789 1588 968 1639 sinister
982 1607 1064 1638 ve-,

89 1662 181 1710 luti
202 1660 262 1708 ad
282 1657 503 1708 incessum
515 1697 531 1724 ,
557 1661 696 1728 paul&
712 1659 777 1710 est
804 1662 1065 1716 elevatior,

88 1730 310 1780 :sandaliis
322 1766 339 1787 ,
369 1744 424 1778 ut
442 1731 490 1777 in
510 1732 613 1780 aliis
626 1768 642 1788 ,
669 1744 895 1779 ornantur
912 1767 922 1777 .

161 1804 219 1850 In
235 1797 373 1868 supra
399 1797 617 1868 expreffis
637 1798 795 1868 figuris
824 1799 932 1849 cum
953 1820 1067 1868 quae-.-

90 1869 204 1919 dam
233 1871 386 1919 notari
414 1867 585 1938 poffint
603 1907 620 1928 ,
659 1890 710 1918 ac
734 1870 968 1929 debeant,
1007 1871 1067 1919 de

90 1941 163 1991 his
178 1939 456 2009 singillatim
475 1958 599 1989 nunc
617 1940 774 1989 dicam
788 1977 799 1987 .
834 1944 946 1989 Non
963 1959 1066 1989 ome.

93 2029 174 2061 nes
202 2013 348 2080 igitur
377 2009 483 2062 sunt
516 2011 684 2061 eodem
708 2011 853 2060 modo
880 2013 1068 2080 capilla-

95 2094 186 2139 tae,
222 2101 273 2129 ac
304 2079 502 2129 barbatae
519 2118 536 2140 ,
572 2081 651 2131 sed
677 2080 734 2129 ad
762 2099 948 2131 morem
973 2085 1065 2131 Re..

92 2153 272 2220 gionis,
301 2165 356 2201 ut
372 2150 512 2200 credo
535 2189 546 2200 .
581 2154 720 2201 Hanc
747 2153 1068 2215 conjecturam

91 2221 298 2290 suggerit
321 2220 454 2270 nobis
472 2220 809 2271 eruditiffimus
831 2220 1067 2271 Casaubo-³

91 2310 177 2340 nus
212 2293 261 2340 in
278 2294 400 2340 notis
420 2293 477 2341 ad
489 2294 681 2360 Julium
707 2294 1035 2361 Capitolinum
1051 2328 1068 2350 ,

92 2362 177 2413 ubi
212 2364 408 2430 loquens
444 2362 504 2413 de
543 2368 674 2413 Vero
711 2366 1032 2431 Imperatore,
1051 2398 1068 2420 ,

93 2434 177 2501 qui
203 2433 262 2482 ad
293 2434 475 2481 Amicae
507 2435 717 2501 vulgaris
743 2433 994 2483 arbitrium
1022 2434 1070 2479 in

96 2504 240 2572 Syria
279 2501 472 2550 barbam
510 2502 789 2572 deposuerat
816 2540 831 2561 ,
871 2501 1073 2551 illustrat

95 2577 219 2625 hunc
239 2573 418 2630 locum,
430 2571 766 2632 demonstrans,
787 2575 1076 2622 Antiochen-

97 2644 166 2695 ses
180 2680 196 2703 ,
223 2645 272 2693 &
307 2646 457 2711 Syros„
481 2641 717 2695 aversatos
745 2640 832 2693 effe-
848 2680 864 2702 ,
888 2645 937 2694 &
967 2645 1071 2691 irri-

99 2712 196 2764 fisse
213 2732 290 2763 eos
304 2749 319 2771 ,
334 2715 412 2780 qui
429 2712 622 2761 barbam
640 2716 841 2764 alerent:
867 2716 891 2763 ὲ
907 2714 1074 2781 quibus

101 2785 197 2833 haee
222 2781 396 2834 infero:
427 2782 556 2833 Cum
585 2784 776 2832 Sanetus
792 2785 953 2834 Petrus
972 2789 1071 2832 An-

102 2854 286 2903 tioc-hiae
298 2890 314 2910 ,
329 2852 408 2901 ubi
427 2853 724 2921 septennium
739 2856 969 2922 explevit,
982 2858 1073 2903 Ca-

102 2922 280 2973 thedrae
299 2921 583 2990 Apostolicae
603 2921 882 2991 praefideret,
898 2942 955 2973 ne
975 2928 1075 2972 An-

103 2989 420 3043 tiochenfibus
436 2992 547 3045 risui
566 2991 753 3052 effet,&
769 2992 962 3052 invisus,
976 2993 1074 3040 ban-

105 3063 218 3113 bam
245 3080 411 3113 eorum
435 3066 572 3128 genio
592 3062 889 3132 composuit,
925 3064 1072 3131 depo-

105 3133 287 3200 fuitque
301 3154 316 3193 3
347 3133 456 3179 licet
471 3134 642 3181 ultimo
657 3139 821 3184 Romae
837 3171 852 3191 ,
877 3134 957 3181 ubi
975 3152 1076 3183 mos

107 3201 264 3271 dispar
291 3201 512 3269 vigebat,
539 3203 713 3251 iterum
745 3201 1074 3272 resumpserit.

209 3273 437 3340 Principis
476 3271 815 3340 Apostolorum
854 3275 1077 3342 exemplo

1112 328 1157 378 T
1257 328 1311 378 Χ
1324 328 1377 379 Χ
1392 327 1511 381 VH.
1977 352 2075 397 249

1105 398 1202 446 sam
1229 399 1420 446 barbam
1449 396 1690 466 gestavere
1723 394 1864 465 usque
1900 400 1957 448 ad
1981 407 2072 470 Ju-

1106 470 1160 519 lii
1178 474 1242 518 II.
1264 483 1477 535 tempora
1494 504 1511 524 ,
1550 470 1628 533 qui
1650 470 1867 515 omnium
1893 472 2072 536 primus

1108 554 1269 588 contra
1293 543 1525 600 majorum
1547 535 1937 586 consuetudinem
1968 558 2074 606 pro-

1110 611 1256 660 lixam
1276 609 1396 655 aluit
1412 644 1427 664 ,
1457 620 1509 653 ut
1527 612 1756 669 majorem
1785 609 2076 658 intuentibus

1109 680 1426 728 reverentiam
1449 678 1704 726 incuteret:
1743 677 1884 743 idque
1904 681 2074 746 reliqui

1110 749 1210 819 post
1237 766 1347 796 eum
1377 744 1621 795 Pontifices
1640 747 1845 794 Maximi
1872 745 2079 815 probasse

1110 819 1363 874 videntur,
1380 816 1575 865 testante
1596 818 1853 865 Ciacconio
1872 820 1919 864 in
1941 817 2080 885 ipsius

1112 891 1230 939 Vita
1250 924 1260 934 .
1291 887 1380 935 Sed
1401 904 1512 954 pace
1531 888 1649 933 tanti
1670 888 1809 943 Viri,
1827 890 1925 935 tam
1948 890 2043 938 Leo
2061 926 2077 948 ,

1112 962 1253 1027 quam
1272 957 1631 1024 ClemensJulii
1653 953 1936 1006 Succeffores
1961 957 2081 1008 rese·

1111 1031 1237 1079 &am
1261 1028 1454 1075 omnino
1479 1023 1712 1075 habuere:
1750 1027 2080 1077 Clemensve-

1113 1100 1194 1156 ro,
1224 1095 1421 1146 Caesarei
1448 1095 1679 1146 exercit-fis
1703 1099 1911 1144 Romam
1939 1098 2081 1165 depo-

1112 1169 1314 1238 pulantis
1335 1169 1531 1234 impiam
1551 1164 1726 1214 rabiem
1749 1166 2083 1224 declinaturus,

1112 1257 1196 1309 per
1215 1236 1393 1305 septem
1412 1235 1590 1285 menses
1607 1238 1653 1282 in
1672 1240 1797 1285 Arce
1821 1239 1972 1285 Sansti
1987 1243 2086 1286 An-

1113 1311 1207 1377 geli
1221 1343 1236 1365 ,
1250 1311 1329 1357 leu
1345 1309 1478 1356 Mole
1495 1307 1737 1355 Hadriana
1756 1306 1973 1365 delituit,
1990 1326 2083 1374 quo

1117 1379 1343 1443 temporis
1368 1377 1521 1424 tractu
1548 1377 1812 1422 nullatenus
1842 1378 1888 1422 in
1919 1392 2084 1425 mento

1116 1447 1399 1495 novaculam
1418 1443 1561 1512 passus
1578 1443 1695 1491 fuit:
1718 1458 1990 1511 temporum
2008 1447 2087 1495 deff

1117 1518 1227 1566 inde
1264 1515 1455 1564 suorum
1479 1550 1497 1573 ,
1538 1511 1757 1580 casusque
1793 1514 2087 1565 lucffuosioris

1116 1587 1311 1642 moerori
1339 1598 1436 1632 tam
1459 1586 1672 1653 proprius
1690 1581 1838 1632 barbae
1859 1588 2088 1653 prolixio-

1118 1660 1179 1706 ris
1198 1658 1364 1705 horror
1389 1653 1473 1703 fibi
1497 1654 1622 1703 visus
1650 1652 1749 1712 est,
1778 1668 1830 1700 ut
1859 1655 1918 1703 ad
1936 1671 2087 1705 extre-

1118 1745 1253 1776 mum
1276 1726 1420 1792 usque
1451 1726 1562 1773 vitae
1582 1723 1760 1773 tristem
1787 1725 2088 1777 consuetudi-

1120 1816 1230 1849 nem
1251 1795 1513 1845 servaverit
1529 1827 1541 1842 0

1192 1866 1447 1915 Testantur
1467 1865 1554 1913 hoc
1570 1863 1721 1932 ipsum
1740 1868 1900 1914 Icones
1918 1862 2090 1912 utrius-

1121 1957 1210 2006 que
1228 1934 1463 1986 Pontificis
1483 1937 1529 1982 in
1545 1937 1776 2002 argenteis
1792 1937 1997 1982 nummis
2019 1952 2092 1981 ex-⁵

1123 2005 1307 2079 pressae,
1344 2023 1547 2073 quorum
1572 2007 1821 2053 nonnullos
1847 2023 1985 2071 penes
2015 2023 2094 2053 me

1122 2075 1329 2137 asservo3
1364 2078 1413 2126 ὃς·
1429 2088 1562 2124 notat
1580 2076 1725 2123 etiam
1746 2076 1982 2124 Oluoinus
2007 2077 2095 2124 in..‚

1121 2149 1293 2198 Addit.
1317 2147 1375 2194 ad
1393 2143 1544 2213 ipsum
1561 2147 1873 2194 Ciacconium
1891 2180 1901 2190 υ
2093 2139 2097 2142 ’

1193 2216 1694 2269 Animadvertendum
1717 2213 1905 2282 insuper
1926 2215 1991 2264 est
2007 2254 2023 2275 ,
2051 2219 2098 2264 in

1122 2289 1420 2341 Emblemate
1442 2322 1457 2343 ,
1495 2286 1622 2352 quod
1655 2284 1892 2342 exhibeo,
1931 2285 2098 2354 figuras

1124 2378 1285 2408 omnes
1318 2357 1534 2407 Sandalia
1565 2354 1747 2404 deferre
1772 2378 1786 2416 3
1822 2357 1948 2421 quod
1974 2359 2103 2423 certe.

1125 2448 1219 2479 non
1245 2429 1302 2477 ad
1341 2428 1568 2496 placitum
1596 2424 1849 2474 Mufivarii
1880 2422 2098 2478 fastum-2

1128 2500 1288 2549 credas
1302 2535 1317 2556 ,
1345 2516 1427 2546 nec
1447 2496 1505 2545 ad
1521 2510 1796 2564 temporum
1816 2513 1997 2553 mores,
2020 2498 2101 2546 vel

1132 2571 1383 2638 Regionis,
1414 2566 1490 2615 sed
1520 2572 1651 2632 juxta
1679 2567 1877 2614 Domini
1898 2565 2066 2629 jussum
2084 2602 2102 2624 ,

1127 2644 1207 2708 qui
1231 2645 1443 2690 Marc.6.
1464 2638 1683 2705 praecepit
1703 2635 1943 2703 Apostolis
1959 2671 1975 2694 ,
2012 2641 2102 2686 nei-2

1128 2713 1235 2780 quid
1255 2709 1452 2760 tollerent
1481 2713 1529 2757 in
1547 2714 1631 2759 via
1646 2743 1661 2764 ,
1693 2708 1780 2775 πῄ
1799 2711 1979 2776 ‘virgam
2003 2724 2102 2756 tan-

1128 2787 1242 2839 331sz
1281 2800 1360 2828 non
1382 2794 1527 2845 peram
1544 2815 1558 2835 ,
1589 2796 1668 2826 non
1684 2792 1834 2842 panem
1848 2813 1863 2834 ‚
1900 2797 2028 2845 neque
2053 2783 2103 2827 in

1126 2869 1232 2910 zona
1251 2871 1301 2900 aes
1316 2887 1331 2907 ,
1355 2851 1440 2920 sed
1451 2853 1650 2899 calceatos
1664 2849 1888 2917 sandaliis
1905 2853 1996 2899 &a

1199 2919 1550 2972 Observatione
1577 2922 1742 2987 dignos
1771 2920 1914 2967 etiam
1936 2918 2098 2983 judico

1126 2991 1329 3040 vestium
1348 2992 1578 3050 Colores;
1614 3008 1722 3037 nam
1742 2986 1808 3037 ibi
1831 2989 2005 3038 Christi
2027 3000 2101 3033 tu-

1128 3062 1258 3119 nica,
1274 3064 1323 3112 ὃι
1343 3061 1544 3128 pallium
1564 3057 1697 3109 rubei
1717 3097 1734 3118 ,
1759 3057 2101 3125 Apostolorum

1129 3132 1245 3182 vero
1264 3133 1405 3200 pallia
1432 3129 1555 3190 albi,
1592 3132 1761 3179 tunicae
1779 3127 1892 3176 vero
1911 3120 2102 3187 caerulei

1131 3205 1300 3256 coloris
1319 3215 1475 3257 erant.

107 3352 206 3414 ejus
221 3339 501 3397 Succeffores
521 3344 727 3393 Romani
744 3343 990 3398 Pontifices
1005 3362 1077 3395 rav
1127 3396 1130 3399 .

175 3413 317 3469 Par-I⁹

1979 3404 2104 3452 CA-
