2425 3747
312 220 384 273 96
713 211 761 261 V
786 209 823 259 Ε
862 205 909 256 T
938 205 975 256 E
1013 205 1059 255 R
1094 202 1142 252 A

308 277 568 349 incongrue
583 275 803 345 suspicari
818 313 833 335 ,
851 293 962 324 eum
979 273 1036 320 ab
1058 271 1143 319 usu
1161 290 1290 320 com-

307 345 695 398 muni-recessisse
721 384 738 407 ,
776 347 917 415 pallia
950 339 1182 390 nimirum
1211 361 1290 390 co-

306 422 458 470 lorata
484 418 723 488 pingendo
743 452 760 473 ‚
799 414 1011 481 Phrygio
1044 430 1188 480 opere
1218 414 1287 459 in-

305 505 437 541 texta
454 525 471 548 ‚
502 507 614 536 cum
630 486 814 542 fibulis,
840 485 890 533 ὃς
908 485 1002 531 alio
1034 480 1255 550 fingulari
1271 518 1287 540 ,

304 575 448 627 atque
470 572 695 607 extraneo
721 556 855 602 cultu
879 589 896 611 ,
933 552 1060 620 quod
1086 567 1287 605 tamen„

306 646 394 699 ego
422 646 515 674 non
537 624 826 674 affirmarem
848 661 859 671 .

376 696 587 746 Addidit
609 694 808 745 ulterius
833 696 1072 743 Ferrarius
1094 696 1291 763 Apuleji

306 771 471 818 locum
490 783 548 814 ex
565 765 648 813 lib.
666 774 715 815 6.
735 767 787 814 de
807 766 944 835 Astno
961 782 1108 822 aureo,
1126 765 1208 814 ubi
1229 767 1289 815 de

303 837 507 888 literatis
537 834 745 886 vestibus
774 837 869 883 haec
903 834 1166 885 habentur:
1208 838 1290 889 Vi-

303 909 378 957 det
401 908 512 956 dona
518 907 711 977 speciofit
728 941 744 962 ,
780 909 835 955 (5
857 908 1044 955 lacinias
1063 923 1163 955 auro
1189 909 1289 957 lite-

303 995 423 1028 ratas
439 1014 453 1035 ,
483 983 618 1028 ramis
639 976 833 1026 arborum
847 1011 863 1032 ,
893 977 1171 1046 postibusque
1187 976 1288 1046 sitf-

290 1053 420 1119 fixas
435 1085 448 1106 ‚
465 1068 549 1116 quae
566 1067 658 1098 cum
672 1050 820 1116 gratia
826 1044 950 1115 fassit·
961 1082 978 1103 ,
998 1066 1145 1097 nomen
1159 1048 1261 1097 Deae
1272 1085 1288 1108 ,

303 1124 374 1168 cui
392 1116 581 1188 fuerant
608 1120 752 1168 dicata
772 1152 788 1174 ,
823 1116 1125 1168 testabantur.
1165 1120 1290 1185 Qi-

303 1189 390 1237 bus
404 1225 419 1246 ,
457 1191 507 1240 &
529 1191 632 1237 aliis
649 1188 706 1237 ab
727 1187 895 1237 eodem
911 1190 1089 1238 Carolo
1111 1191 1225 1236 Dati
1244 1190 1292 1237 in

303 1260 631 1309 elucidatione
648 1258 803 1308 textus
819 1258 1024 1307 Pliniani
1047 1258 1291 1320 adductis,

302 1327 574 1397 subscripsit
608 1325 822 1397 praefatus
853 1331 1093 1378 Ferrarius
1124 1332 1172 1378 in
1201 1329 1294 1380 suis

306 1400 540 1452 AttaleHis
559 1401 611 1449 de
626 1420 671 1449 re
689 1401 916 1450 vestiaria
941 1415 1030 1467 cap.
1062 1420 1080 1450 1
1096 1416 1139 1460 3.

402 1474 536 1519 Facit
570 1470 626 1519 ad
661 1471 750 1518 hoc
769 1473 916 1519 etiam
941 1472 1074 1521 locus
1101 1472 1292 1522 Boethii

305 1539 390 1590 lib.
416 1561 455 1589 1.
494 1542 562 1590 De
592 1541 744 1609 confhl.
780 1539 862 1589 ubi
897 1543 1190 1611 imaginatur
1211 1560 1296 1612 per

304 1609 466 1660 visum
502 1611 856 1678 Philosophiam
889 1609 974 1660 fibi
1004 1610 1049 1663 se
1077 1627 1294 1663 contem-

301 1680 531 1748 plandam
551 1678 842 1730 exhibuisse,
874 1687 1007 1735 cujus
1031 1682 1293 1732 habitum

300 1744 576 1811 hujusmodi
601 1745 722 1793 notis
741 1740 1024 1810 inscriptum
1045 1748 1294 1813 proponit:

303 1819 471 1872 Harum
502 1817 775 1877 (vestium)
804 1817 854 1862 in
880 1830 1071 1864 extremo
1098 1821 1294 1885 margine

301 1891 353 1939 P.
378 1890 459 1957 sen
492 1888 534 1932 Π
569 1888 810 1937 Graecorum
832 1918 850 1940 ,
885 1888 935 1948 in
957 1887 1153 1954 fitpremo
1195 1887 1290 1935 Th.

291 1962 373 2030 seu
407 1958 451 2001 Θ
481 1957 696 2025 legebatur
722 1959 943 2004 intextum
970 1989 988 2012 ,
1024 1973 1148 2024 atque
1173 1960 1291 2006 inter

306 2029 500 2097 utrasque
519 2031 671 2076 literas
700 2030 749 2073 in
757 2025 976 2093 scalarum
995 2027 1161 2076 modum
1184 2044 1289 2096 gra-

307 2099 388 2149 dus
420 2099 592 2166 quidam
622 2096 826 2165 insigniti
852 2096 1120 2146 ‘videbantur
1146 2132 1162 2153 ,
1199 2103 1291 2165 qui·-

307 2169 384 2219 bus
408 2170 459 2217 ab
485 2166 690 2236 istfferiore
713 2166 972 2234 adfitperius
1004 2169 1288 2220 elementum.

306 2242 405 2311 effic
435 2241 622 2308 aftenfhs
642 2274 652 2284 .

379 2313 497 2359 Haec
524 2310 582 2357 de
609 2309 902 2357 ornamentis
923 2344 940 2365 ,
968 2308 1018 2358 δε
1052 2309 1288 2361 ςὴειῑᾱξὶε-

310 2380 437 2429 ribus
465 2379 670 2428 vestium
700 2377 828 2447 apud
854 2378 1101 2442 ethnicos,
1136 2382 1185 2432 &
1206 2400 1288 2432 ve-

308 2465 430 2499 teres
460 2452 720 2517 Scriptores
748 2450 954 2517 reperire
989 2451 1124 2518 potui
1157 2450 1287 2501 testi-

309 2523 470 2569 monia
488 2556 498 2566 .
538 2523 619 2568 An
638 2521 755 2569 vero
775 2519 834 2567 ab
861 2521 915 2566 iis
943 2520 1292 2571 characteribus

309 2592 607 2639 emanaverit
642 2592 789 2639 etiam
832 2588 957 2656 apud
1001 2588 1293 2642 Christianos

310 2679 411 2708 mos
448 2660 739 2728 depingendi
764 2661 813 2707 in
845 2657 1051 2707 vestibus
1081 2660 1290 2720 Christi,

312 2749 364 2777 ac
378 2732 656 2778 Sanctorum
671 2744 821 2787 notas,
838 2741 977 2795 atque
999 2731 1172 2789 literas,
1187 2750 1289 2799 quae

311 2802 613 2867 reperiuntur
644 2803 692 2847 in
726 2801 928 2866 antiquis
957 2800 1154 2867 picturis
1181 2838 1198 2860 ,
1235 2821 1288 2850 ac

312 2872 362 2917 in
393 2867 619 2926 musivis,
656 2871 705 2919 ὃς
745 2870 974 2937 quidnam
1003 2873 1094 2919 illae
1128 2886 1252 2921 notae
1272 2910 1288 2931 ,

311 2942 362 2990 ὅ(
386 2939 675 2988 ςὴειῑειξὶθῐεε
712 2936 1004 3006 significent,
1043 2960 1137 2990 non
1169 2942 1288 2992 bene}

312 3009 465 3058 adhuc
485 3021 787 3078 compertum
805 3008 899 3066 est,
935 3009 1045 3059 cum
1071 3031 1210 3061 nemo
1229 3031 1288 3062 ex

312 3079 546 3148 praedietis
564 3076 854 3129 Auctoribus
872 3079 1170 3130 indicaverit.
1186 3087 1286 3132 Ve-

310 3149 420 3198 rum
446 3165 501 3199 ut
525 3169 654 3199 meas
680 3148 817 3217 super
853 3148 937 3196 hac
966 3168 1015 3198 re
1048 3154 1287 3214 conjectu-

312 3238 381 3270 ras
405 3218 804 3290 probabilioribus
834 3221 1123 3288 argumentis
1142 3239 1286 3291 expo-

1215 198 1920 253 MONJMENTA

1341 289 1481 329 nam,
1508 289 1650 341 opere
1670 275 1882 341 pretium
1903 265 2136 321 effe‘duxi
2150 308 2167 331 ‚
2192 268 2322 341 prius

1341 336 1516 391 referre
1553 341 1754 411 singulas
1796 343 2043 411 opiniones
2085 345 2322 393 recentio-

1341 428 1450 458 rum
1481 414 1754 462 Auetorum
1775 450 1790 472 ,
1827 414 1908 481 qui
1941 411 2321 480 praedictorum„

1340 481 1667 532 characterum
1689 520 1707 542 ,
1743 481 1824 533 seu
1842 496 2070 532 notarum
2094 480 2324 552 fignifica-

1344 554 1530 600 tionem
1557 553 1841 621 indagarunt
1872 575 1888 615 3
1937 550 2097 620 postea
2125 571 2283 601 meam
2307 588 2324 611 ,

1343 621 1651 672 eruditorum
1670 624 1851 686 judicio
1870 621 2212 682 definiendam,
2227 621 2327 672 sen·-

1345 694 1546 742 tentiam
1564 711 1802 762 exponam
1822 729 1833 740 .
2129 733 2131 735 .

1415 763 1598 812 Primus
1613 766 1760 832 igitur
1773 763 1867 812 istis
1882 762 2204 813 dilucidandis
2219 763 2326 811 clia-

1342 831 1602 884 rasteribus
1625 869 1643 891 ,
1676 831 1759 883 seu
1789 829 1930 902 fignis
1961 852 1991 883 0
2030 851 2160 884 eram
2189 832 2325 882 dedit

1344 903 1634 972 Aringhius,
1658 905 1739 971 qui
1756 917 1873 954 tom.
1894 922 1940 952 2.
1957 905 1991 953 li
2030 940 2041 950 .
2058 912 2108 953 6.
2124 922 2227 971 cap.
2246 908 2327 953 28.

1342 976 1486 1027 Romae
1504 973 1798 1024 subterraneae
1817 1009 1833 1032 ,
1872 975 2074 1042 inquirit
2099 973 2333 1041 quidnam

1340 1043 1608 1113 fignificent
1646 1044 1738 1094 illae
1774 1045 2135 1093 elementorum
2173 1057 2333 1103 notae,

1343 1134 1445 1182 quae
1477 1117 1525 1163 in
1553 1116 1795 1165 nonnullis
1814 1114 2011 1164 vetustis
2029 1112 2332 1183 Imaginibus

1344 1200 1636 1243 cernuntur,
1663 1187 1898 1234 nimirum
1923 1186 1986 1234 T.
2008 1189 2075 1236 X.
2095 1188 2136 1235 Ι.
2156 1187 2224 1233 Η.
2248 1181 2332 1231 ubi

1345 1254 1531 1314 censet,
1558 1273 1642 1325 per
1661 1255 1908 1324 praedistas
1922 1269 2057 1305 notas
2068 1272 2085 1315 5
2114 1252 2196 1304 seu
2223 1254 2333 1303 cha-

1347 1329 1577 1386 meteres,
1608 1327 1866 1396 peculiaria
1890 1327 2108 1395 quaedam
2126 1362 2142 1385 ,
2176 1326 2228 1376 ἃ
2256 1341 2333 1372 ar-

1347 1417 1466 1447 cana
1490 1396 1875 1449 Christianorum
1902 1394 2136 1466 mysteria
2161 1394 2335 1444 obum-

1346 1469 1481 1519 brata
1499 1464 1633 1517 fuisse
1650 1503 1668 1528 ,
1696 1484 1797 1536 quae
1818 1470 1844 1518 ὲ
1861 1470 2052 1518 nemine
2073 1485 2132 1516 ex
2151 1467 2228 1514 SS.
2244 1465 2334 1513 Pa-

1345 1539 1499 1590 tribus
1532 1539 1626 1589 huc
1646 1536 1792 1606 usque
1811 1540 2048 1608 explicata
2075 1537 2334 1586 inveniun-

1347 1625 1453 1661 tur:
1491 1627 1544 1659 ac
1573 1606 1836 1661 verisimile
1860 1606 1980 1668 effe,
2004 1607 2134 1676 quod
2162 1623 2247 1674 per
2275 1607 2333 1654 li-

1339 1686 1504 1731 'teram
1539 1678 1603 1731 T.
1640 1680 1851 1725 Crucem
1887 1679 2149 1727 Salvatoris
2187 1672 2334 1726 nostri

1337 1746 1469 1815 Jasu*
1482 1740 1660 1794 Christi
1679 1740 1924 1813 designare
1946 1749 2132 1815 antiqui
2148 1745 2334 1796 Fideles

1347 1807 1607 1864 voluissent
1634 1835 1652 1876 3
1689 1818 1821 1877 cujus
1859 1814 2016 1885 figurae
2053 1818 2334 1885 praepotenti

1344 1886 1531 1934 virtute
1563 1900 1643 1933 eos
1675 1901 1839 1934 omnes
1869 1886 1998 1954 apud
2032 1889 2336 1937 Ezechielem

1342 1953 1628 2021 Prophetam
1648 1950 1859 2004 servatos
1873 1953 2007 2006 fuiffe
2024 1959 2332 2026 legimus,qui

1343 2039 1468 2072 antea
1485 2024 1680 2094 fhlutari
1704 2027 1785 2074 hac
1814 2043 1916 2076 nota
1947 2031 2162 2097 Angelico
2195 2033 2329 2078 mini-

1343 2096 1480 2145 sterio
1497 2092 1686 2164 fiterant
1701 2102 1980 2162 praemunici.
2019 2100 2220 2168 Allegat
2248 2098 2332 2148 de-

1342 2164 1454 2215 inde
1474 2166 1663 2214 Boethii
1690 2164 2020 2217 testimonium
2046 2171 2073 2218 ὲ
2092 2169 2228 2219 nobis
2254 2169 2332 2217 su-

1343 2253 1424 2304 pra
1442 2236 1641 2284 allatum
1659 2235 1717 2286 de
1737 2238 2084 2288 characteribus
2106 2241 2154 2286 in
2171 2241 2330 2289 Philo·

1341 2305 1511 2374 sophiae
1534 2304 1662 2356 veste
1681 2306 1915 2376 inscriptis
1929 2331 1943 2369 3
1971 2309 2021 2359 ὃ(
2040 2307 2227 2359 easdem
2253 2309 2328 2358 di·-

1341 2376 1474 2426 sertis
1499 2374 1656 2426 verbis
1677 2379 2034 2445 explanationes
2065 2377 2204 2448 super
2238 2381 2330 2429 hoc

1343 2444 1553 2511 ejusdem
1567 2447 1754 2494 Boethii
1770 2448 1900 2506 loco,
1917 2468 2018 2516 quae
2037 2453 2169 2498 Divo
2188 2450 2329 2499 Tho-

1346 2536 1434 2565 mae
1453 2518 1686 2583 Aquinati
1706 2515 1985 2567 tribuuntur
1999 2556 2015 2578 ‚
2045 2520 2328 2570 Lestoribus

1344 2586 1537 2638 exhibet
1567 2622 1577 2632 .
1617 2585 1708 2635 Sed
1742 2587 1904 2636 habita
1942 2588 2130 2659 semper
2165 2589 2328 2639 debita

1343 2658 1578 2724 Angelico
1612 2657 1812 2707 Doc'tori
1837 2661 2105 2710 reverentia
2125 2699 2140 2720 ,
2175 2662 2325 2710 eluci-

1341 2728 1553 2777 dationes
1582 2727 1672 2776 illae
1688 2731 1967 2797 neutiquam
1997 2733 2328 2782 caemeteriali-

1342 2797 1426 2846 bus
1462 2798 1756 2864 Imaginibus
1795 2798 2119 2851 consentaneae
2152 2802 2325 2851 viden-

1342 2882 1445 2916 tur:
1473 2869 1650 2936 quippe
1670 2869 1728 2918 ad
1748 2871 1882 2920 Fidei
1903 2872 2130 2941 dogmata
2158 2871 2326 2925 tudio<

1341 2955 1447 2985 rum
1465 2939 1632 2987 animis
1654 2937 1905 2991 salubriter
1925 2942 2171 2992 inserenda
2185 2979 2201 3000 ,
2230 2942 2324 2989 hu-

1338 3004 1598 3073 juscemodi
1617 3009 1907 3061 characteres
1918 3049 1935 3071 ,
1960 3011 2040 3063 seu
2057 3011 2323 3081 symbola...-

1342 3079 1416 3146 pie
1443 3076 1825 3130 Christianorum
1846 3086 2152 3151 antiquorum
2183 3085 2321 3151 inge-

1338 3149 1419 3196 nio
1444 3147 1701 3198 adinventa
1716 3188 1732 3209 ,
1756 3167 2039 3220 exarataque
2061 3151 2193 3202 fuisse
2214 3171 2324 3222 pro-

1338 3219 1415 3266 cul
1439 3217 1586 3268 dubio
1607 3222 1900 3272 credendum.
1919 3223 1985 3274 est
1999 3260 2010 3271 .
2039 3223 2238 3288 Deinde
2250 3220 2321 3271 af·-

2160 3292 2321 3343 firmat
