2425 3747
136 352 177 399 1.
216 347 493 410 Ambonem
520 338 580 395 ad
616 271 818 392 Borecam
833 270 1039 408 {roph-

62 421 156 470 cris
174 416 456 472 leffionibus
475 411 727 463 recitandis
747 410 929 464 indicat
947 448 958 461 ,

137 490 192 539 L.
229 488 391 557 Legile
414 499 742 535 marmoreum
767 480 915 531 sacros
939 485 1037 533 Co-

1061 268 1131 332 U-

1182 267 1228 320 T
1329 264 1415 318 ΙΙ.
2008 285 2065 316 21

1091 337 1344 391 mandavit
1364 339 1409 384 in
1427 332 1641 403 praesenti
1659 351 1782 382 anno
1801 349 2074 385 mocixxxvt.

1093 410 1211 460 dum
1234 409 1328 458 haec
1357 404 1704 464 scribebamus,
1726 403 1993 464 sacrorum,
2024 409 2076 458 &

1091 482 1401 546 antiquorum
1439 479 1645 525 Rituum
1683 471 2038 525 studiosissimus
2054 513 2072 536 ,

67 559 193 611 dices
207 558 448 614 sustinens,
462 572 577 623 quos
593 552 916 621 Lestorlegit,
931 572 1039 603 con·
1080 548 1262 621 joseph
1288 548 1445 597 Maria
1475 544 1757 596 Thomafius
1777 581 1794 605 ,
1830 545 1881 596 δε
1910 546 2070 595 erudi-

67 628 201 680 versa
232 628 418 701 semper
442 625 560 674 facie
592 623 652 673 ad
680 624 826 673 altare
850 659 866 681 ,
903 625 1038 673 nullo
1092 623 1152 671 tis
1186 620 1330 671 Notis
1367 615 1625 666 illustravit
1658 654 1668 664 .

67 701 314 758 Orientis,
351 695 449 747 five
478 693 757 747 Occidentis
783 691 946 744 habito
971 694 1043 744 di-

66 767 291 821 scrimine
307 805 319 819 .

135 843 211 889 M.
261 838 427 907 Legile
455 853 783 885 marmoreum
810 837 859 884 in
889 837 1044 903 primo

68 909 282 961 ambonis
312 903 514 977 ingressu
540 942 555 964 ,
592 907 651 955 ad
691 907 821 974 quod
862 910 1045 955 Cantor

68 979 204 1031 verszi
240 979 300 1029 ad
327 980 585 1029 Orientem
616 976 739 1028 facie
767 976 1044 1033 Graduale‚

67 1050 166 1103 sive
191 1047 565 1119 Responsorium
582 1085 597 1107 ‚
623 1062 705 1097 aut
728 1048 942 1111 Alleluja
967 1046 1048 1097 de-

63 1134 224 1170 cantat
244 1157 259 1178 ,
296 1134 350 1168 ut
376 1120 525 1169 tradit
551 1123 736 1168 Duran.
763 1120 841 1170 ub.
871 1138 919 1183 4.
950 1133 1041 1184 cap.

64 1210 284 1241 .20..num.
303 1196 349 1240 8.
379 1191 541 1239 Liceat
557 1189 633 1239 hic
655 1189 713 1238 ad
729 1190 848 1238 hanc
869 1207 1044 1239 vocem

62 1263 284 1313 Graduale
301 1262 570 1310 orationem
586 1257 755 1327 parum
779 1260 1044 1317 inHe&ere‚

63 1335 116 1384 &
148 1333 276 1380 illius
303 1328 528 1380 vocabuli
559 1328 953 1400 significationem
985 1348 1044 1380 ex

66 1404 270 1469 antiquis
286 1399 560 1450 Ritualibus
578 1403 815 1471 attingere
831 1439 841 1449 .
870 1405 1043 1452 Hono-

65 1476 162 1523 rius
177 1470 617 1540 Augustodunenfis
641 1474 689 1522 in
714 1473 798 1522 lib.
824 1493 864 1522 1.
884 1475 955 1524 De
969 1491 1045 1520 an-

61 1550 189 1613 ·tiquo
225 1547 316 1593 ritu
344 1541 580 1612 Mffzrum
605 1562 705 1612 cap.
721 1555 807 1607 96'.
831 1546 1045 1615 nuperri-

65 1635 156 1667 mae
186 1615 409 1665 editionis
437 1613 564 1682 apud
592 1613 945 1668 Bibliothecam
962 1616 1046 1662 Pa-

64 1699 200 1733 trum
215 1721 230 1742 ‚
258 1684 475 1733 Graduale
491 1684 694 1748 (inquit)
713 1691 738 1736 ὰ
752 1685 961 1754 gradibus
975 1686 1044 1734 di-

66 1761 182 1805 citur
206 1791 221 1813 ,
257 1759 355 1822 quia
387 1758 433 1802 in
465 1753 673 1821 graculus
708 1761 878 1807 canitur
907 1791 917 1802 .
957 1755 1047 1805 Hoc

65 1832 200 1877 etiam
237 1822 613 1891 Responsorium
644 1842 829 1876 vocatur
851 1862 866 1884 ‚
909 1830 1050 1891 quia-2

68 1898 206 1948 Chora
228 1908 457 1950 cantante,
487 1892 537 1939 ab
552 1911 632 1939 uno
644 1895 801 1962 ‘verfits
825 1894 1047 1960 respoude-

70 1984 141 2017 την
169 2003 184 2024 ,
220 1968 275 2016 t&
299 1967 376 2015 illo
403 1963 581 2032 ‘versum
609 1978 839 2023 cantante,
875 1972 898 2016 ἂ
915 1966 1049 2018 Choro

69 2037 342 2105 respondetur
372 2037 464 2085 &a
491 2034 542 2084 ὃς
576 2028 698 2082 infra
722 2034 858 2084 addit
887 2057 897 2084 :
935 2034 1048 2084 Gra-

72 2108 198 2156 duale
217 2105 310 2153 ideo
326 2119 544 2152 cantamus
558 2137 573 2160 ,
609 2109 709 2170 quia
733 2105 785 2155 de
810 2112 986 2158 virtute
1002 2111 1051 2155 in

74 2182 294 2228 virtute-m
313 2172 535 2243 gradatim
562 2177 624 2223 ire
638 2175 831 2225 debemus
847 2213 859 2225 .
898 2179 1051 2225 Ama-

76 2249 218 2299 larius
235 2247 382 2295 etiam
410 2245 459 2292 in
474 2245 676 2312 Prologo
703 2246 773 2295 De
786 2247 935 2297 ordine
948 2246 1049 2296 An-

74 2319 315 2383 tiphonarii
329 2317 451 2365 circa
464 2312 609 2363 finem
624 2350 639 2371 ,
657 2314 715 2365 de
734 2316 945 2366 Graduali
962 2317 1027 2364 ait
1039 2352 1051 2364 .

77 2387 329 2440 Notandum
355 2387 423 2437 ef?
441 2420 457 2442 ,
492 2387 696 2435 volumen
729 2387 840 2453 quod
867 2406 940 2436 nos
965 2406 1050 2435 ‘vo-

78 2476 219 2509 camus
248 2458 615 2522 Antiphonarium
636 2493 651 2514 ‚
687 2461 775 2507 tria
803 2457 953 2506 habere
980 2475 1051 2504 no-

79 2535 199 2579 mina
219 2528 333 2594 apud
344 2529 557 2581 Romanos
571 2563 582 2575 .
597 2526 737 2601 Qod
747 2527 927 2578 dicimus
943 2526 1053 2576 Gra-

82 2601 179 2651 dale
191 2635 206 2656 ‚
237 2600 311 2648 illi
328 2614 490 2650 vocant
508 2600 805 2650 Cantatorium
825 2621 835 2649 :
861 2602 961 2666 quia
976 2596 1051 2645 ad-

78 2674 159 2721 huc
173 2673 314 2735 juxta
330 2687 482 2718 morem
501 2672 720 2736 antiquum
747 2669 859 2735 apud
883 2670 981 2719 illos
1004 2671 1053 2715 in

79 2740 298 2809 aliquibus
329 2739 527 2808 Ecclestis
545 2744 592 2787 in
610 2757 690 2788 uno
709 2743 935 2791 volumine
958 2757 1052 2788 con-

83 2818 122 2863 ti
127 2828 247 2859 uetur
264 2845 275 2855 .
315 2809 564 2871 sequentem
576 2825 746 2876 partem
771 2810 990 2861 dividunt
1006 2813 1054 2857 in

85 2881 244 2934 duobus
270 2879 535 2929 nominibus:
575 2883 687 2934 Pars
705 2916 720 2938 ,
756 2899 840 2948 quae
867 2886 1056 2930 continet

87 2950 383 3023 Responsbrios
394 2985 410 3007 ,
426 2966 608 3002 ‘vocatur
624 2952 970 3019 Responsbriale:
1002 2955 1057 3001 &¹

81 3039 216 3092 Pars,
252 3040 336 3090 quae
367 3024 556 3070 continet
582 3022 890 3089 Antiphonas,
922 3039 1054 3072 ‘voca-

88 3110 159 3142 tur
173 3090 776 3161 Antiphonarius.Utrasque
798 3105 950 3161 partes
969 3091 1054 3140 sub

89 3163 232 3211 titulo
248 3198 264 3221 ,
302 3163 646 3232 Responsorialia
662 3199 677 3221 ‚
703 3168 758 3216 (π’
776 3165 1054 3229 Antiphona-

88 3229 160 3282 rt'a
190 3233 387 3283 Romanae
417 3234 604 3304 Ecclefiae
632 3269 647 3291 ‚
683 3235 709 3283 ὲ
742 3236 785 3281 S.
814 3235 1054 3301 Gregorio

89 3305 269 3371 Magno
312 3299 530 3373 disposita
554 3339 570 3362 ,
617 3301 691 3353 hic
724 3307 887 3355 Romae
923 3305 1056 3372 typis

1711 618 1833 685 Qis
1872 630 2077 666 autem⁴

1096 691 1350 750 Gradalis‚
1386 684 1486 738 five
1515 686 1770 737 Gradualis
1805 685 1950 736 suerit
1975 691 2078 736 Au-

1095 763 1229 822 ἑὶοιί,
1262 763 1343 809 Du
1372 761 1536 826 Gange
1562 758 1823 826 diligenter
1849 759 2077 824 inquirit,

1096 831 1178 900 qui
1214 834 1260 879 in
1287 848 1340 880 ea
1365 825 1598 878 sententia
1628 828 1693 876 est
1718 864 1734 887 ‚
1774 839 1829 876 ut
1857 830 1882 877 ὲ
1912 830 2078 879 Coele-

1096 903 1218 952 stino
1250 906 1290 951 Ι.
1324 901 1460 963 hujus
1495 900 1703 949 nominis
1735 896 1966 946 Pontifice
2004 901 2077 947 in·

1094 973 1318 1023 stitutum
1332 967 1466 1020 fuisse
1485 967 1776 1030 arbitretur3
1803 969 1853 1021 ὃ(
1869 969 1989 1016 hanc
2007 970 2080 1016 lu-

1097 1063 1203 1094 cem
1224 1039 1379 1093 asserit
1391 1037 1437 1090 se
1453 1036 1698 1089 deduxisse
1723 1057 1780 1087 ex
1797 1038 1921 1087 Cod.
1943 1041 2079 1088 MM.

1099 1118 1175 1164 SS.
1209 1107 1474 1168 Anastafii,
1511 1110 1593 1176 qui
1628 1110 1677 1156 in
1712 1105 1926 1168 eJ'usdem
1959 1109 2081 1156 Pon-

1096 1184 1236 1234 tificis
1262 1179 1363 1231 vita
1393 1182 1483 1228 ait:
1525 1180 1769 1231 Constituit
1802 1176 2081 1226 Graduale-²

1088 1258 1192 1325 pofl
1209 1254 1409 1323 Officium
1433 1251 1493 1300 ad
1515 1249 1679 1319 Mffls
1705 1253 1901 1297 cantari.
1932 1246 2083 1313 Qod

1097 1325 1280 1395 scripsit
1299 1321 1729 1376 Bibliothecarius,
1750 1318 2015 1387 Sigibertus
2034 1318 2082 1363 in

1097 1399 1180 1450 suo
1197 1395 1441 1447 Chronico
1458 1393 1517 1440 ad
1536 1409 1640 1441 ann.
1660 1399 1778 1455 426.
1807 1391 1857 1439 ὃς
1871 1389 1952 1435 alii
1970 1405 2084 1435 con-

1100 1470 1289 1521 firmant
1318 1502 1328 1513 .
1380 1463 1662 1530 Radulphus
1702 1458 1821 1509 vero
1864 1463 2086 1509 Decanus

1101 1533 1394 1608 Tungrenfis
1422 1535 1493 1585 De
1521 1536 1740 1585 Canonum
1758 1530 2084 1600 obfir‘vantia„

1102 1605 1285 1682 propos.
1308 1622 1388 1665 23.
1422 1604 1594 1662 docet,
1631 1604 1756 1651 hunc
1787 1603 1935 1649 ritum
1962 1601 2084 1647 reci-

1098 1683 1232 1732 tandi
1264 1677 1508 1728 Graduale
1544 1668 1792 1725 defluxisse
1822 1689 1880 1722 ex
1911 1669 2083 1720 sancio

1105 1746 1363 1802 Ambrosio
1383 1782 1394 1795 .
1973 1790 1976 1793 ,

1174 1811 1687 1868 Animadvertendum
1704 1809 1779 1860 hic
1796 1809 1861 1861 est
1877 1847 1892 1869 ,
1921 1811 2086 1876 Legile

1105 1887 1230 1938 istud
1254 1885 1313 1936 ad
1329 1886 1587 1935 Orientem
1605 1918 1620 1940 ,
1642 1879 1807 1929 haberi
1834 1882 1881 1927 in
1901 1882 1956 1928 iis
1981 1895 2082 1926 tan-

1104 1957 1209 2009 tum
1226 1953 1442 2006 Ecclefiis
1454 1991 1470 2013 ,
1487 1955 1535 2003 in
1555 1950 1726 2019 quibus
1742 1950 1913 1998 Lector
1927 1986 1943 2009 ,
1966 1947 2084 1998 stans

1105 2034 1153 2079 in
1180 2028 1414 2095 superiori
1445 2023 1661 2073 ambonis
1686 2020 1837 2089 gradu
1860 2055 1876 2078 ,
1913 2034 2086 2089 terga-⁴

1103 2101 1255 2153 vertit
1271 2097 1330 2146 ad
1345 2098 1633 2153 Orientem3
1659 2110 1769 2140 narn
1791 2089 1826 2139 si
1852 2089 1910 2139 ad
1936 2092 2085 2139 altare

1099 2170 1387 2226 -conversUS‚
1413 2169 1506 2217 una,
1533 2165 1708 2234 pariter
1738 2164 1992 2213 Orientem
2016 2158 2084 2208 as-

1103 2231 1284 2314 piceret
1302 2277 1317 2301 ,
1350 2241 1397 2286 in
1424 2236 1595 2287 eodem
1622 2235 1729 2283 loco
1758 2235 1942 2281 Cantor
1968 2249 2082 2279 con-

1105 2315 1282 2367 fisteret
1301 2310 1361 2361 ad
1380 2307 1623 2359 Graduale
1642 2301 1935 2355 cantandum
1951 2336 1962 2347 .

1190 2386 1362 2451 Figura
1390 2399 1438 2445 4.
1478 2378 1610 2427 idem
1643 2377 1843 2444 Septum
1872 2388 2083 2420 marmo-

1105 2472 1244 2506 reum
1260 2449 1454 2502 exhibet
1469 2485 1484 2508 ,
1516 2445 1634 2497 ficut
1660 2447 1709 2493 in
1735 2458 1929 2494 externa
1948 2455 2084 2510 parte

1105 2520 1407 2576 dextrorsum
1435 2518 1754 2588 conspicitur.
1790 2518 1846 2565 In
1867 2512 2082 2562 orbiculo

1105 2597 1241 2665 super
1270 2595 1462 2642 literam
1485 2593 1549 2639 N.
1578 2584 1750 2638 visitur
1774 2588 2086 2652 Monogram-

1103 2687 1180 2718 ma
1195 2702 1210 2723 ,
1237 2663 1295 2713 de
1313 2680 1407 2729 quo
1424 2657 1634 2728 superius
1648 2693 1662 2715 ,
1679 2655 1996 2723 anaglyphice
2018 2655 2085 2701 in-

1104 2737 1346 2805 sculptum
1371 2768 1387 2792 ‚
1424 2733 1474 2782 &
1504 2726 1784 2780 extuberans
1804 2762 1818 2783 ‚
1853 2723 2082 2791 quemad-

1105 2808 1307 2858 modum
1333 2803 1504 2871 reliqui
1527 2812 1717 2850 ornatus
1733 2793 1971 2860 ejusmodi
1998 2813 2081 2843 cae-

1107 2874 1263 2928 latura
1279 2873 1489 2925 extantes
1508 2908 1518 2919 .

1190 2943 1465 3015 Respondet
1489 2944 1514 2990 a
1534 2939 1714 2990 sinistro
1733 2935 1948 2987 Ecclefiae
1972 2935 2085 2980 late-

1106 3037 1155 3070 re
1174 3035 1276 3086 pars
1294 3016 1443 3066 altera
1463 3009 1676 3075 ejusdem
1696 3010 1847 3077 Septi,
1861 3010 1988 3065 cujus
2006 3020 2083 3076 ex-

1106 3091 1253 3139 terior
1280 3083 1548 3156 prospestus
1571 3076 1743 3149 Figura
1764 3096 1807 3140 5.
1825 3112 1840 3134 ‚
1871 3077 2082 3121 internus

1105 3157 1221 3211 vero
1240 3155 1411 3225 Figura
1428 3170 1470 3214 3.
1487 3152 1812 3204 adumbratur.
1831 3140 2082 3191 Lit.H.de-

1107 3244 1241 3279 notat
1265 3224 1506 3277 ascensum
1522 3243 1578 3273 ex
1595 3233 1723 3290 parte
1746 3215 1926 3263 altaris.
1946 3216 1984 3262 I.
2001 3211 2082 3259 de-

1107 3298 1318 3351 scensum
1333 3294 1490 3347 versus
1505 3286 1716 3347 Ecclefiae
1734 3290 1926 3350 januam
1942 3318 1952 3330 .
1981 3279 2081 3360 Hic

2015 3368 2081 3399 rei
