2482 3742
660 211 1045 268 CAP‘O

1117 210 1163 265 T
1263 203 1510 260 XXIII.

1968 215 2068 269 '227

86 288 225 346 fens}
256 284 314 340 ad
331 301 471 353 quem
494 284 723 336 advolant
749 283 851 334 duae
869 283 1050 331 colum-
1102 293 1204 340 tur3
1223 290 1276 328 ut
1291 277 1488 326 habetur
1507 275 1554 321 in
1571 275 1674 343 lege
1692 275 1862 321 ultima
1878 276 1925 322 in
1938 279 2064 326 Cod.

87 355 159 409 bae
177 393 192 415 ‚
222 355 350 426 quod
374 355 817 423 Hieroglyphicum
840 352 979 421 supra
1002 354 1051 401 in

90 428 223 479 tertii
243 426 513 494 sarcophagi
530 423 843 493 descriptione
861 429 959 486 jam
976 438 1054 471 ex-

91 494 334 568 posuimus
360 531 372 542 .
410 498 468 545 In
496 495 664 544 dextro
695 511 882 562 quoque
913 508 1023 541 arcu
1040 526 1056 549 ‚

91 569 174 636 qui
200 569 290 615 litt.
319 567 371 618 B.‘
404 563 761 633 repraesentatur
778 600 794 622 ,
830 561 936 612 sunt
959 562 1055 612 duo

93 638 188 686 viri
204 653 315 683 cum
333 631 463 684 fonte
474 637 551 693 ,ἃ
566 632 800 685 columbis
812 670 828 692 ,
841 647 895 681 ut
913 633 1056 682 etiam

94 708 145 757 in
171 707 360 772 reliquis
392 704 576 759 duobus
601 704 795 754 arcubus
826 705 896 753 lit.
919 706 977 753 C.
994 705 1055 754 D,

93 772 346 844 designatis
362 810 372 821 .
401 777 682 829 Notandum
700 771 775 824 hic
785 810 802 832 ,
817 773 945 840 quod
962 771 1057 820 duo

93 846 190 895 viri
219 847 268 894 in
287 843 441 895 areola
464 847 534 893 lit.
552 850 603 896 B.
636 842 798 898 notata
827 838 1057 912 expressi,

95 917 146 964 in
174 913 387 983 opposita
420 917 573 969 areola
605 914 665 967 ad
694 915 865 982 pedem
893 913 1059 965 Crucis

94 985 362 1035 collocandi
394 998 526 1035 erant
544 1021 560 1042 ,
597 1004 648 1033 ac
671 981 876 1033 viciffim
902 983 982 1050 qui
1011 983 1059 1028 in

94 1056 251 1104 areola
267 1059 325 1106 C.
345 1057 394 1104 in
411 1054 605 1107 istorum
624 1055 728 1105 loco
746 1053 981 1123 ponendi,
1007 1065 1062 1099 ut

96 1123 232 1179 nobis
267 1123 550 1194 fignificavit
587 1128 647 1178 D.
676 1120 941 1177 Franciscus
977 1123 1063 1170 Ni-

94 1196 222 1262 grius
234 1231 251 1254 ,
275 1197 354 1262 qui
379 1197 457 1243 has
473 1230 490 1252 ,
511 1192 713 1260 aliasque
729 1192 898 1260 figuras
922 1189 1065 1241 musi-

94 1282 271 1314 vorum
297 1281 497 1332 operum
514 1260 977 1319 Ravennatenfium‚
1006 1263 1061 1308 il-

95 1335 346 1400 lorumque
382 1330 718 1401 descriptiQnes
752 1327 939 1383 anobis
969 1330 1065 1380 Rau

95 1404 253 1451 venna
276 1399 544 1453 absentibus
562 1399 702 1453 fastas
726 1418 837 1449 cum
858 1401 1063 1467 origina-

99 1472 224 1523 libus
257 1490 341 1541 pro
375 1470 454 1526 sua
492 1473 790 1527 humanitate
825 1471 1063 1521 contulit.

96 1540 201 1592 Post
234 1544 311 1591 has
342 1539 510 1611 figuras
540 1543 639 1590 aliae
668 1541 840 1591 eodem
871 1538 1066 1594 Mufivo

99 1629 242 1681 opere
267 1613 565 1681 perleganter
589 1610 835 1661 elaboratae
851 1647 866 1668 ,
903 1622 1067 1659 extant

101 1683 151 1730 in
185 1683 374 1750 parietis
406 1682 681 1732 summitate
708 1718 724 1739 ,
760 1682 886 1730 retro
917 1681 1066 1728 Gallae

101 1752 317 1801 Placidiae
336 1750 831 1821 sarcophagum3quod
850 1752 898 1797 in
916 1748 1071 1803 Tabu-

103 1822 150 1871 la
165 1822 350 1873 LXVI.
373 1820 448 1890 fig.
467 1841 511 1870 2.
529 1820 875 1873 demonstratur
893 1856 904 1871 0

175 1895 232 1940 In
263 1893 423 1942 medio
442 1894 575 1957 hujus
600 1888 770 1943 musivi
792 1892 945 1959 operis
964 1887 1073 1939 vifi-

104 1974 182 2010 tur
196 1961 407 2014 Christus
422 1964 654 2010 Dominus
668 1962 820 2009 veluti
838 1960 1075 2018 incedens,

105 2035 317 2082 Crucem
342 2033 539 2084 humero
559 2032 725 2082 dextro
752 2030 959 2094 bajulans
975 2067 990 2089 ,
1021 2049 1073 2078 ac

105 2098 283 2153 sinistra
301 2099 478 2152 librum
496 2116 716 2171 apertum
734 2115 915 2151 tenens:
941 2101 1073 2170 pallii

106 2169 304 2224 fimbria?
327 2187 519 2230 „vento
549 2172 719 2226 inflatae
743 2209 759 2230 ,
795 2174 1072 2229 elevantur,

105 2240 372 2308 habentque
391 2261 748 2312 monogramma
772 2247 808 2291 Ι.
840 2246 968 2291 Ante
1031 2259 1072 2290 e-

110 2310 190 2364 des
206 2310 379 2367 Christi
394 2315 616 2367 craticula
641 2308 847 2380 expressa
869 2310 963 2369 cst,
1011 2310 1074 2359 ub

109 2398 199 2448 qua
220 2383 366 2448 ignis3
389 2381 524 2452 supra
544 2383 658 2432 ver&
681 2401 827 2450 parva
848 2380 1043 2430 fenestra
1061 2418 1078 2439 ,

109 2468 164 2498 ac
187 2466 333 2517 prope
353 2469 456 2500 earn
475 2489 490 2510 ,
527 2454 891 2519 craticulamque
905 2488 919 2509 ,
949 2451 1077 2500 codi-

109 2537 221 2571 cum
237 2518 461 2571 scrinium
481 2535 698 2589 apertum
715 2559 732 2581 ‚
752 2525 800 2570 in
821 2541 912 2589 quo
934 2520 1076 2571 libro-

112 2607 223 2641 rum
249 2591 379 2639 tituli
407 2592 658 2659 leguntur,
694 2594 944 2644 videlicet:
986 2591 1073 2642 Lu-

114 2676 209 2717 cas,
233 2658 742 2730 Matthaeunffoannes.
769 2663 903 2728 Qid
920 2676 1081 2714 autem

114 2747 200 2798 per
217 2730 310 2778 haec
330 2729 426 2780 duo
444 2733 832 2801 Hieroglyphica
854 2767 871 2789 ‚
908 2750 1080 2800 nempe

116 2800 412 2860 craticulam,
433 2804 481 2853 &
503 2800 724 2852 scrinium
744 2801 1025 2861 denotetur,
1049 2800 1084 2851 fi

121 2868 337 2922 divinare
354 2874 471 2920 mihi
495 2870 560 2923 fas
580 2869 635 2920 fit
651 2908 666 2930 ,
695 2874 899 2940 exprimi
923 2890 1005 2940 per
1029 2890 1082 2921 ea

117 2941 393 3008 putaverim
432 2944 758 3011 nuperrimum
791 2940 1083 3001 Theodofii,

119 3011 172 3068 &
185 3012 509 3062 Valentiniani
527 3014 771 3066 decretum
785 3048 802 3070 ,
817 3030 908 3078 quo
927 3014 1084 3080 impii,

119 3078 426 3150 sacrilegique
448 3081 651 3134 Nestorii
668 3084 854 3135 codices
874 3084 922 3130 in
938 3083 1086 3150 Ephe-

118 3145 418 3217 finarsynodo
439 3152 650 3200 damnati
664 3188 680 3210 ,
698 3152 915 3222 diligenti
930 3150 1084 3202 studio

123 3221 298 3286 requiri
313 3256 330 3278 ‚
354 3241 404 3275 ac
430 3222 617 3292 publice}
633 3221 848 3275 comburi
864 3220 1087 3290 jubebam

187 3290 338 3355 Bar-I.

1105 345 1470 407 Theodofian03
1502 362 1644 411 quem
1670 360 1858 392 morem
1879 344 2067 411 public&

1106 415 1415 474 comburendi
1434 414 1576 463 libros
1591 413 1909 478 hereticorum
1926 412 2072 464 osten-

1108 490 1180 540 dit
1203 483 1540 537 eruditissimus
1562 480 1885 532 Gothofredus
1915 484 1963 532 in
1982 504 2068 534 no-

1107 562 1166 608 tis
1197 558 1256 606 ad
1281 555 1594 622 supradictam
1622 554 1779 621 legem
1796 575 1811 614 3
1847 552 1929 601 ubi
1955 556 2070 604 alte·

1110 646 1217 679 rum
1234 628 1344 675 huic
1362 621 1511 675 simile
1529 622 1774 673 decretum
1793 623 1934 673 refert
1949 629 2076 676 Con-

1110 698 1295 748 stantini
1316 695 1517 762 Magni,
1553 694 1909 761 promulgatum
1924 732 1940 754 ,
1964 694 2075 747 cum

1112 768 1255 819 Arius
1274 802 1290 823 ,
1315 764 1503 830 ejusque
1522 779 1663 830 opera
1683 763 1904 812 damnata
1921 764 2075 817 fuere:

1110 856 1169 887 en
1193 833 1568 886 Constantiniani
1599 831 1778 882 decreti
1796 833 1974 885 verba:
2013 836 2075 888 Il-

1112 909 1190 959 lud
1215 912 1344 955 etiam
1372 905 1616 953 mandamus
1634 939 1650 962 ‚
1681 921 1727 952 ut
1736 903 1790 970 st
1801 909 1894 970 quis
1910 906 2078 956 librum

1112 979 1162 1027 ab
1184 982 1296 1028 Ario
1325 974 1584 1044 compcfitum
1610 974 1824 1043 occultqffe
1850 974 2078 1041 deprehen-

1101 1048 1244 1120 fitsstt
1264 1084 1280 1105 ,
1316 1049 1369 1096 ἔθ’
1387 1066 1476 1095 eum
1508 1063 1588 1092 non
1615 1045 1770 1094 §latim
1797 1049 1845 1093 in
1862 1047 2079 1096 medium-,2

1113 1118 1342 1168 adduHum
1366 1122 1464 1184 igne
1485 1114 1746 1183 combuffirit
1763 1151 1778 1172 ‚
1816 1133 1947 1164 morte
1974 1120 2080 1166 mul-

1113 1189 1249 1240 Hetur
1265 1224 1275 1235 .
1297 1185 1521 1238 Proximo
1546 1200 1705 1233 autem
1726 1183 1893 1232 scrinio
1911 1183 2081 1254 fignifi-

1116 1272 1249 1308 catur
1274 1293 1290 1314 ,
1326 1258 1468 1322 quam
1503 1273 1673 1323 magna
1702 1290 1718 1311 ,
1753 1273 1804 1301 ac
1842 1253 2085 1304 sollicita„

1115 1326 1410 1377 sacrosanctis
1442 1325 1812 1392 Evangeliorum
1843 1323 2087 1374 codicibus

1118 1396 1381 1453 veneratio,
1397 1408 1536 1461 atque
1553 1411 1664 1442 cura
1683 1391 1894 1443 habenda
1909 1390 1991 1451 fit,
2007 1400 2086 1462 qui

1120 1470 1168 1518 in
1183 1464 1386 1523 scriniis,
1415 1461 1492 1516 seu
1511 1465 1627 1512 arcis
1647 1461 1749 1512 sunt
1765 1461 2060 1514 custodiendi
2075 1505 2086 1514 .

1190 1541 1245 1586 In
1273 1553 1381 1583 arcu
1406 1530 1778 1603 ingredientibus
1795 1533 1992 1582 dextero
2007 1571 2023 1593 ,
2039 1556 2089 1585 ac

1117 1608 1255 1675 supra
1276 1603 1574 1673 sepulchrum
1589 1604 2093 1660 Valentiniani‚vilun-

1121 1692 1198 1726 tur
1220 1677 1365 1726 etiam
1394 1677 1440 1724 in
1469 1692 1606 1722 muro
1640 1673 1875 1721 nonnullae
1898 1672 2091 1726 mufivae

1123 1747 1282 1816 figurae
1297 1781 1312 1803 ‚
1341 1760 1395 1793 ut
1416 1747 1463 1792 in
1484 1741 1671 1792 Tabula
1688 1743 1873 1792 LXVI.
1894 1761 2025 1791 num.
2050 1766 2092 1795 1.

1123 1822 1234 1868 Duo
1266 1814 1372 1862 sunt
1394 1816 1486 1864 viri
1509 1813 1703 1871 stantes,
1741 1814 2094 1880 volumenque„

1127 1904 1269 1938 manu
1295 1898 1502 1935 tenentes
1519 1921 1535 1942 ,
1566 1900 1771 1950 quorum
1789 1883 1908 1930 alter
1927 1885 1974 1931 in
1992 1881 2096 1935 fim-

1129 1958 1239 2006 briis
1259 1955 1390 2023 pallii
1420 1953 1559 2005 habet
1588 1970 1947 2021 monogramma
1964 1957 2003 2002 Ι.
2025 1958 2095 2006 in-

1128 2042 1199 2077 ter
1216 2039 1471 2090 utrumque
1494 2037 1636 2091 caput
1657 2021 1720 2072 est
1739 2027 1896 2071 laurea
1925 2041 2097 2075 corona

1127 2095 1366 2146 nunnullis
1386 2094 1620 2146 lemniscis
1639 2090 1836 2154 inserta3
1861 2094 1910 2144 δε
1935 2095 1982 2140 in
2001 2101 2101 2159 ejus

1127 2166 1287 2217 medio
1314 2163 1379 2213 est
1401 2181 1761 2233 monogramma
1780 2162 1898 2231 Jesu
1923 2166 2097 2215 Christi

1127 2253 1302 2289 nomen
1322 2237 1588 2302 exprimens
1604 2251 1712 2283 cum
1730 2234 1855 2283 A&
1870 2254 1908 2280 ca.
1926 2232 1984 2284 de
2004 2237 2099 2300 qui—

1129 2309 1213 2360 bus
1234 2307 1378 2358 literis
1407 2302 1651 2372 suprajam
1676 2303 1859 2352 dicium
1877 2301 1942 2352 est
1960 2341 1970 2352 .
2001 2308 2099 2354 Re-

1130 2381 1284 2446 liquus
1305 2374 1474 2423 tabulae
1500 2392 1693 2442 campus
1713 2375 1937 2423 arborum
1968 2388 2101 2423 trun-

1129 2451 1192 2497 cis
1211 2484 1226 2506 ,
1253 2449 1303 2498 &
1328 2443 1480 2503 foliis,
1513 2464 1565 2493 ac
1594 2442 1777 2495 duobus
1805 2447 1987 2503 cervis,
2018 2459 2102 2493 aut

1130 2520 1283 2588 apris,
1307 2529 1529 2574 ornatur,
1559 2512 1715 2581 aliqud
1748 2528 1908 2563 tamen
1939 2528 2099 2582 parte:

1131 2587 1304 2652 injuriz'i
1328 2600 1601 2654 temporum
1623 2584 1836 2636 corrosus
1867 2586 1993 2634 calce
2020 2583 2101 2634 ob-

1135 2659 1308 2712 dustus
1336 2655 1401 2707 est
1424 2693 1435 2704 .

1206 2730 1435 2778 Alterum
1453 2727 1562 2779 huic
1584 2724 1692 2775 cum
1707 2725 1987 2782 hominum,
2003 2723 2106 2773 tum

1140 2798 1421 2851 animalium
1438 2833 1455 2856 ‚
1475 2811 1613 2865 atque
1635 2793 1859 2846 arborum
1879 2793 2038 2864 figuris
2056 2794 2109 2843 fi-

1138 2871 1255 2921 mile
1276 2870 1323 2916 in
1339 2885 1475 2919 muro
1500 2869 1523 2916 ὲ
1542 2868 1733 2935 regione
1753 2864 1965 2934 opposita
1980 2871 2106 2928 jacet

1136 2940 1273 3009 supra
1291 2938 1592 3006 sepulchrum
1610 2938 1966 2991 Valentiniani,
1988 2947 2041 2981 ut
2058 2935 2107 2982 in

1138 3010 1261 3060 Tab.
1286 3009 1500 3062 LXVII.
1531 3024 1662 3055 num.
1685 3026 1724 3057 1.
1753 3010 1810 3056 In
1831 3021 1967 3053 muro
1993 3021 2108 3069 quo-

1137 3098 1257 3149 que,
1282 3081 1362 3146 qui
1384 3076 1449 3130 est
1476 3074 1610 3146 supra
1628 3083 1820 3141 januam
1848 3078 2107 3135 majorem,

1141 3168 1378 3220 perquam
1393 3185 1407 3207 ‚
1426 3162 1478 3196 ut
1500 3147 1706 3197 diximus
1720 3181 1736 3202 ,
1753 3146 1913 3192 hortus
1933 3145 2106 3192 Mona-

1140 3223 1339 3273 chorum
1368 3219 1524 3271 aditur
1541 3253 1557 3275 ‚
1589 3215 1654 3265 est
1678 3214 1807 3263 aliud
1835 3209 2074 3262 musivum
2091 3249 2108 3270 ,

1615 3280 1690 3333 Ff
1721 3301 1746 3330 2
2032 3280 2111 3332 sed
