2425 3747
777 182 1283 237 CAPUT
1383 179 1506 233 XV.

127 255 353 323 gnitatis,
396 271 447 303 ac
484 253 825 302 dominationis
866 253 1099 302 indicium

128 326 194 375 est
221 324 329 375 satis
352 338 521 374 notum
538 358 549 369 .

196 394 342 461 QOd
372 408 531 442 autem
564 388 804 460 sceptrum
832 390 890 441 fit
915 389 1046 440 aliud
1074 392 1100 440 ὲ

128 464 296 524 baculo
315 500 332 522 ,
363 464 503 513 docet
529 462 787 512 Menardus
804 465 852 511 in
873 462 995 512 libro
1015 461 1098 511 Sa-

125 552 426 586 cramentorum
452 533 501 583 S.
524 532 724 603 Gregorii
759 536 806 581 in
834 531 1001 581 ordine
1035 529 1094 578 ad

127 603 450 655 coronandum
468 607 685 671 Regem,
718 603 798 651 ubi
825 605 872 650 in
903 606 1093 669 Regum

126 675 430 724 coronatione
445 710 461 732 ,
477 674 569 723 illis
586 675 711 723 vltra
727 672 984 741 sceptrum,
1000 672 1096 718 vir-

112 792 113 795 ,
123 763 183 813 ga
217 743 296 793 seu
322 743 513 793 baculus
542 742 868 813 praesentatur:
901 743 1095 792 videtur

124 828 408 864 tamencum
422 815 590 863 baculo
620 816 806 882 virgam
832 810 1091 863 confunde·

122 901 175 933 re
197 920 207 931 .
239 885 502 933 Probantur
533 885 753 954 praediCta
779 904 837 935 ex
866 883 990 934 Cod.
1011 884 1090 929 Se-

125 973 298 1004 nonen.
317 957 465 1005 relato
487 955 543 1003 ab
562 953 882 1011 Hoffmanno,
908 969 1093 1021 quem-³

125 1026 311 1074 editum
334 1025 508 1093 praebet
534 1028 560 1074 ὲ
591 1030 775 1075 Renato
805 1023 1061 1074 Benedidto
1082 1056 1098 1078 ,

125 1094 210 1143 vbi
229 1095 497 1144 benedistio
518 1097 565 1141 in
582 1099 712 1164 Rege
728 1093 1015 1143 instituendo
1036 1089 1098 1139 sic

123 1163 170 1213 se
200 1164 368 1214 habet:
396 1169 555 1230 Accipe
570 1167 783 1233 sceptrum
817 1165 984 1231 instgne
1010 1162 1101 1212 Re-

124 1240 309 1304 gnantis
325 1270 340 1292 ‚
372 1255 448 1304 quo
458 1236 729 1303 fignfficcttur
757 1239 902 1304 regula
931 1235 1103 1282 divinae

125 1308 340 1373 aequitatis
360 1341 370 1351 .
390 1306 612 1353 Menardi
635 1305 819 1355 dietum
836 1304 954 1354 mire
991 1320 1103 1350 con-

121 1373 313 1423 firmant
327 1375 560 1424 nonnullae
575 1379 739 1425 leones
752 1373 1100 1443 Augustorum,

124 1462 225 1511 quae
254 1441 578 1495 indifferenter
596 1444 773 1495 baculis
790 1482 805 1504 ,
837 1448 887 1496 ὃς
906 1442 1099 1511 sceptris

124 1512 465 1582 insigniuntur:
493 1517 542 1565 &
569 1516 724 1583 primo
754 1515 970 1566 leonilla
1001 1517 1097 1564 Ca-

123 1585 217 1634 roli
252 1587 449 1653 Magni,
483 1604 627 1652 quam
651 1586 862 1635 vidimus
892 1588 940 1633 in
976 1583 1098 1633 libro

127 1652 504 1722 Inscriptionum
541 1657 843 1722 antiquarum
893 1652 1097 1703 Basilicae

124 1727 171 1772 S.
191 1725 324 1781 Pauli
355 1723 415 1773 ad
432 1726 563 1773 viam
591 1723 859 1775 Ostiensem
884 1741 987 1792 pag.
1013 1736 1093 1781 33.

124 1793 206 1842 ubi
228 1799 493 1861 Imperator
512 1796 560 1841 in
587 1795 759 1844 throno
785 1793 915 1844 sedet
942 1810 1094 1842 cum-2

125 1861 311 1932 sceptro
329 1865 533 1932 gemmis
553 1863 772 1912 distincto
788 1899 804 1920 ,
823 1869 955 1925 cujus
970 1861 1094 1910 fasti-

125 1934 261 2003 gium
291 1934 338 1982 in
368 1934 648 1982 Francicum
687 1935 846 1983 lilium
882 1929 1055 1981 desinit
1083 1966 1094 1978 .

126 2004 295 2055 Aliam
309 2004 494 2069 quoque
512 2002 723 2052 vidimus
739 2004 902 2054 Caroli
921 2003 1095 2059 Calvi,

126 2091 231 2140 quae
263 2072 471 2121 eundem
501 2073 693 2122 exhibet
715 2076 762 2121 in
778 2071 885 2122 sede
914 2074 1097 2140 Regia,

126 2142 393 2212 simplicem
413 2141 636 2191 baculum
647 2141 823 2192 sinistra
835 2157 1096 2199 tenentem,

126 2216 211 2282 qui
242 2209 452 2281 superius
492 2215 540 2260 in
574 2213 823 2281 globulum
847 2249 863 2270 ‚
904 2211 1097 2264 inferius

129 2281 248 2334 vero
271 2285 497 2332 terminat
523 2285 570 2330 in
591 2302 788 2333 acumen
802 2306 817 2344 3
837 2295 892 2331 ut
904 2282 1098 2335 videre„

129 2353 195 2404 est
218 2355 266 2400 in
279 2354 422 2403 Notis
437 2351 746 2419 eruditiffimi
769 2354 989 2421 Stephani
1012 2355 1100 2401 Ba-

132 2425 252 2472 luzii
279 2424 337 2473 ad
363 2425 726 2492 Capitular.Reg.
744 2425 939 2475 francor.
969 2424 1100 2492 pagi-

131 2511 190 2543 na
212 2501 360 2554 1276.
382 2492 464 2542 ubi
495 2496 667 2560 pariter
687 2513 820 2563 paga
835 2500 948 2554 278.
972 2494 1103 2543 aliud

130 2562 342 2628 ejusdem
356 2564 519 2615 Caroli
533 2566 675 2614 Calvi
691 2566 932 2633 exemplar
945 2563 1106 2631 prodit

135 2637 183 2684 in
203 2632 321 2683 solio
344 2631 563 2690 sedentis,
581 2635 631 2685 δί
652 2633 846 2684 dextera
869 2634 1105 2701 sceptrum

132 2703 352 2773 gestantis
362 2740 378 2762 ,
390 2701 517 2771 quod
529 2701 708 2753 duabus
722 2706 875 2753 veluti
890 2701 1105 2754 crucibus

132 2772 461 2832 intersecatur,
485 2770 680 2842 superne
703 2775 818 2824 vero
835 2775 1025 2823 Gallico
1048 2775 1104 2821 li-

133 2847 202 2896 lio
220 2841 493 2914 insignitum
510 2844 590 2894 est.
613 2845 777 2894 Aliam
794 2843 980 2913 insuper
999 2861 1103 2912 pag.

131 2935 162 2969 ,ι
177 2934 199 2963 2
211 2921 291 2965 80.
313 2913 535 2984 producit
554 2916 807 2983 imaginem
822 2950 837 2972 ,
855 2932 995 2980 quam
1009 2915 1102 2962 Lo-

136 2987 290 3035 thario
317 2982 533 3052 Augusto
569 2983 738 3033 tribuit
757 3021 773 3043 ,
801 2983 1103 3051 desumptam

138 3059 232 3111 (ut
255 3055 359 3118 ait)
384 3071 441 3104 ex
472 3053 580 3111 illa,
603 3072 701 3119 quae
732 3057 779 3104 in
804 3054 1101 3105 Bibliotheca

139 3124 504 3192 Gallico-Regia
519 3120 664 3189 posita
673 3125 756 3186 est3
769 3127 815 3172 in
829 3143 917 3192 qua
931 3121 1098 3173 visitur

140 3193 377 3262 Augustus
399 3196 446 3243 in
469 3190 604 3250 solio,
621 3192 814 3244 dexterz‘i.
830 3193 996 3245 baculo
1014 3191 1098 3244 ob-

2019 201 2110 244 ης

1151 254 1293 320 longo
1335 251 1523 309 innixa,
1560 247 1771 299 eiusdem
1803 253 1917 318 pen&
1952 250 2111 300 formae

1152 340 1260 371 cum
1279 324 1363 371 illo
1379 323 1541 371 Caroli
1557 321 1715 369 Calvi.
1731 323 1835 368 Nec
1855 320 1910 368 ab
1932 321 1999 367 his
2014 324 2116 368 lon-

1149 394 1206 458 ge
1227 391 1450 440 differunt
1475 393 1554 439 alii
1577 390 1671 439 duo
1687 389 1921 441 Caesarum
1938 387 2112 439 lconis-

1148 463 1234 518 mi,
1263 480 1377 528 quos
1396 460 1536 510 habet
1557 459 1832 510 Lambecius
1860 463 1911 509 in
1933 458 2010 508 sua
2034 461 2117 510 Bi·-

1145 531 1298 581 blioth.
1314 533 1460 599 Caefhr.
1475 529 1608 589 lib.7.
1624 534 1878 599 pag-70&
1902 550 1983 592 71.
2006 547 2117 597 quo-

1147 619 1252 649 rum
1272 604 1388 649 alter
1399 602 1648 650 Michaelis
1661 603 1910 672 Palaeologi
1929 600 2120 650 senioris

1147 673 1400 739 imaginem
1420 669 1589 727 refert,
1614 673 1855 740 Imperiali
1892 669 2121 737 clamyde

1148 738 1361 808 pretiosis
1377 741 1557 788 intexta
1576 744 1777 807 gemmis
1803 743 1976 800 induti,
1990 739 2119 807 scep-

1145 824 1364 877 trumque
1387 812 1584 860 tenentis
1598 808 1728 877 supra
1740 809 1995 878 globulum
2013 828 2120 860 ver-

1144 881 1247 929 ticis
1259 897 1448 929 crucem
1464 879 1647 930 habens.
1663 883 1804 931 Alter
1824 886 1940 931 vero
1952 881 2010 930 ad
2023 889 2122 928 An-

1150 951 1400 1000 dronicum
1413 951 1729 1019 Palaeologum
1741 949 1916 1019 spestat
1927 989 1943 1010 ,
1956 949 2122 1000 eadem

1153 1022 1266 1091 pene
1297 1021 1561 1069 indumenti
1592 1022 1762 1087 specie,
1778 1041 1831 1070 ac
1854 1024 2025 1072 eodem
2042 1038 2122 1088 pe·

1151 1093 1207 1140 ne
1230 1088 1399 1158 sceptri
1420 1108 1592 1158 genere
1625 1090 1943 1153 delineatum3
1966 1089 2126 1142 differt

1153 1163 1279 1210 enim
1299 1164 1323 1209 a
1348 1161 1495 1228 priori
1522 1160 1738 1208 nonnihil
1762 1163 1810 1208 in
1836 1176 1995 1211 centro
2016 1178 2122 1208 cru-

1153 1233 1247 1288 cis,
1272 1232 1319 1277 in
1343 1248 1435 1297 quo
1465 1231 1624 1297 paullo
1648 1230 1870 1297 grandior
1906 1231 2128 1299 globulus

1154 1318 1264 1349 cum
1294 1300 1395 1347 aliis
1419 1313 1618 1366 quatuor
1640 1299 1900 1348 minoribus
1929 1305 2130 1349 circum-

1153 1373 1276 1421 circa
1305 1366 1526 1437 appositis
1549 1370 1786 1419 cernitur:
1824 1371 1904 1435 qui
1932 1385 2130 1419 tamem

1150 1439 1333 1511 globuli
1354 1440 1467 1508 quid
1498 1437 1583 1488 iibi
1603 1439 1784 1497 velint,
1810 1436 1896 1487 nili
1925 1440 1982 1489 ad
1993 1459 2126 1509 gem-

1150 1531 1249 1560 mas
1260 1507 1521 1560 referantur
1535 1546 1551 1568 ,
1567 1512 1732 1577 ignoro
1747 1546 1759 1558 .

1160 1621 1165 1624 -
1201 1587 1547 1633 Verumtamen
1571 1597 1663 1628 non
1680 1580 1745 1626 ita
1760 1594 2037 1648 promptum
2051 1579 2133 1639 est,

1149 1651 1231 1702 sed
1247 1650 1352 1698 satis
1371 1650 1572 1697 arduum
1586 1685 1602 1706 ,
1626 1652 1880 1716 genuinam
1896 1652 2133 1699 rationem

1150 1718 1343 1776 afferre,
1370 1737 1452 1766 cur
1484 1719 1684 1786 Angelis
1714 1715 1868 1766 baculi
1900 1718 2000 1768 dati
2028 1716 2131 1768 fue·-

1151 1794 1247 1838 rint
1270 1825 1285 1847 ,
1317 1792 1396 1856 qui
1426 1787 1584 1857 potius
1611 1789 1817 1836 viatores
1845 1788 2041 1846 decent,
2078 1803 2133 1837 ut

1149 1862 1285 1924 hujus
1306 1860 1491 1926 Capitis
1512 1859 1559 1904 in
1585 1855 1817 1907 vestibulo
1835 1859 2019 1907 dietum
2036 1858 2100 1908 est
2119 1882 2135 1920 ;

1148 1930 1298 1996 neque
1309 1929 1368 1977 ad
1381 1925 1633 1975 arbitrium
1655 1927 1852 1977 Pistoris
1879 1928 2133 1996 confugere

1148 1997 1214 2048 fas
1232 1998 1444 2056 videtur,
1463 1996 1573 2048 cum
1585 1997 1712 2046 certe
1732 2015 1826 2046 non
1848 1996 1941 2046 fine
1960 1997 2132 2065 mysti-

1150 2089 1207 2119 co
1220 2105 1236 2127 ,
1247 2071 1297 2121 ὅ(
1316 2086 1481 2117 arcano
1495 2064 1688 2116 consilio
1701 2065 1879 2116 fanum
1897 2067 1946 2116 id
1959 2066 2105 2116 fuerit
2123 2104 2131 2114 .

1149 2143 1257 2190 Hac
1276 2157 1365 2207 ego
1379 2136 1663 2188 difficultate
1683 2141 1832 2205 magis
1845 2174 1862 2195 ,
1890 2138 2135 2204 magisque

1151 2212 1377 2261 excitatus
1400 2245 1416 2266 ,
1449 2227 1545 2258 non
1569 2207 1812 2256 mediocre
1848 2225 2000 2275 operae
2028 2225 2129 2276 pre-

1154 2283 1279 2330 tium
1296 2279 1469 2328 ducens
1482 2280 1570 2327 hoc
1594 2276 1851 2346 expiscari,
1875 2281 2010 2326 movi
2030 2295 2135 2326 om-

1155 2369 1265 2400 nem
1292 2348 1530 2418 lapidem,
1562 2366 1615 2396 ac
1649 2362 1769 2398 totas
1801 2349 1977 2416 ingenii
2009 2349 2136 2396 vires

1156 2434 1376 2488 expertus
1393 2416 1494 2469 sum
1509 2454 1527 2477 ,
1543 2432 1597 2467 ut
1611 2420 1659 2468 id
1674 2414 1956 2486 assequerer,
1975 2437 2027 2466 ac
2042 2431 2138 2465 tan-

1157 2492 1270 2540 dem
1286 2487 1523 2547 successit,
1552 2486 1662 2539 cum
1694 2506 1752 2539 ex
1779 2485 2136 2554 antiquiffima„

1158 2557 1505 2613 Ravennatensi
1537 2556 1732 2608 Basilica
1753 2561 1796 2606 8.
1813 2560 2009 2626 Agathae
2029 2562 2135 2606 Ma-

1157 2633 1296 2697 joris,
1311 2631 1370 2681 de
1388 2648 1478 2698 qua
1498 2628 1580 2681 suo
1608 2631 1718 2679 loco
1735 2632 1947 2694 quaedam
1980 2628 2134 2677 dietu-

1159 2721 1235 2752 rus
1267 2700 1370 2750 sum
1394 2737 1411 2759 ,
1441 2702 1684 2768 exemplar
1715 2696 1898 2748 Mufivi
1936 2700 2091 2766 operis
2122 2734 2137 2754 ,

1157 2772 1287 2839 quod
1303 2772 1374 2818 uti
1391 2785 1556 2819 caetera
1584 2788 1642 2819 ex
1664 2769 1832 2819 eadem
1855 2767 1991 2822 Urbe
2015 2768 2135 2816 deli-

1157 2841 1396 2891 neandum
1430 2841 1620 2898 curavi,
1652 2837 1734 2887 sub
1779 2840 1941 2888 oculos
1967 2840 2101 2887 venit
2123 2872 2134 2882 .

1157 2909 1361 2959 Exhibet
1374 2908 1497 2958 istud
1518 2912 1564 2956 in
1578 2911 1748 2958 throno
1764 2910 1967 2978 gemmis
1991 2905 2136 2954 unde-

1155 2998 1338 3049 quaque
1375 2979 1594 3029 distinc‘to
1635 2980 1932 3028 Salvatorem
1967 2974 2131 3022 seden-

1154 3067 1270 3109 tem,
1285 3048 1567 3098 adstantibus
1580 3051 1686 3098 hinc
1701 3048 1808 3096 inde
1822 3043 2004 3094 duobus
2028 3047 2128 3091 An-

1151 3123 1268 3192 gelis
1300 3118 1537 3176 baculum,
1556 3119 1632 3169 seu
1666 3117 1858 3172 hastam,
1877 3126 1957 3160 aut
1973 3111 2130 3180 potius

1156 3191 1435 3243 arundinem
1464 3191 1593 3238 aurei
1634 3185 1803 3235 coloris
1829 3181 2095 3232 tenentibus
2117 3217 2128 3228 .

2015 3254 2130 3300 Suc-
