2425 3747
357 315 378 346 ι
392 318 419 346 0

354 377 582 434 aperturae
609 363 740 415 Iocus
765 367 954 416 felicius
970 365 1064 422 est,
1092 362 1172 413 sed
1184 381 1323 416 muro

353 435 537 506 penitiis
563 449 795 505 occupata
821 434 946 491 fuit,
972 433 1102 500 quod
1119 436 1323 503 contigit

350 509 496 556 etiam
525 504 722 555 arcubus
745 542 761 564 ,
797 507 877 572 qui
923 501 1132 554 fenestris
1170 502 1324 567 subja-

349 591 488 636 cent,
524 591 578 625 ut
593 594 651 627 ex
667 573 763 644 ipsa
784 574 1142 644 Orthographia
1162 576 1325 643 colligi

349 647 517 715 potest,
530 664 674 713 quam
690 643 830 693 simul
848 662 958 702 cum
975 645 1324 715 Ichnographia

348 718 675 784 contemplare
692 751 703 761 .

418 789 664 834 Porticum
689 798 796 833 ante
822 783 993 835 faciem
1019 783 1225 836 Bafilicae
1247 785 1325 836 sex

346 859 576 905 columnae
592 852 868 903 suffulciunt
883 892 899 913 ,
928 873 1133 922 quarum
1152 859 1252 906 aliae
1265 875 1323 906 ex

347 925 632 983 Numidico,
647 927 747 973 aliae
769 925 885 974 vero
899 944 956 975 ex
972 927 1185 995 Phrygio
1198 945 1321 975 mar·

345 1015 479 1046 more
502 995 714 1045 constant
730 1032 740 1041 .
781 997 890 1044 Hac
921 996 1041 1044 olim
1069 1000 1116 1044 in
1132 1000 1323 1065 porticu

344 1067 447 1116 duae
476 1066 675 1115 aderant
697 1067 960 1133 Cappellae:
1000 1080 1049 1114 at
1063 1068 1206 1117 hodie
1230 1086 1323 1116 una

344 1135 533 1186 tanttim
559 1172 569 1183 .
614 1139 855 1185 Neutram
885 1150 1046 1185 tamen
1086 1139 1321 1188 illarum-³

341 1204 473 1256 fuisse
497 1224 609 1255 curn
637 1204 834 1255 Basilica
861 1207 1133 1256 inchoatam
1166 1209 1322 1259 existi-

343 1296 423 1327 mo
450 1313 467 1335 ,
507 1276 587 1326 sed
615 1275 953 1345 posterioribus
985 1274 1159 1328 saeculis
1186 1279 1322 1330 addi-

341 1364 443 1398 tam
459 1384 470 1394 .
500 1351 650 1415 Supra
666 1345 873 1416 porticsis
888 1347 1068 1397 tectum
1084 1384 1100 1407 ,
1117 1345 1321 1399 fenestrae

340 1421 460 1469 olim
489 1416 814 1486 amplitudinis
849 1436 944 1466 non
977 1421 1156 1486 exiguae
1188 1422 1318 1469 laxa-

339 1489 513 1538 bantur
535 1510 549 1548 3
575 1507 685 1537 cum
706 1487 959 1537 altitudine
987 1491 1080 1558 pal.
1104 1505 1183 1548 30.
1214 1493 1319 1539 lati-

337 1559 505 1608 tudine
520 1559 638 1607 vero
657 1577 681 1605 2
693 1580 737 1608 0.
756 1572 992 1627 aequarent
1007 1596 1018 1606 .
1049 1561 1140 1609 Hie
1157 1575 1315 1611 tamen

337 1629 480 1680 hodie
499 1629 644 1678 ducto
658 1647 798 1677 muro
820 1629 1143 1678 occluduntur
1162 1668 1171 1678 .
1205 1633 1316 1682 Por-

337 1703 489 1749 ticum
514 1713 676 1748 autem
703 1699 1078 1768 ingredientibus
1093 1704 1119 1751 ἓι
1140 1702 1318 1751 dextris

337 1772 547 1820 occurrit
576 1772 718 1817 turris
737 1772 1036 1837 campanaria
1052 1807 1067 1828 ‚
1094 1790 1193 1837 quae
1217 1791 1317 1821 ma—

337 1844 525 1889 ximam
541 1839 827 1889 vetustatem
845 1837 1110 1907 praesefert.

413 1908 675 1977 Augustior
691 1909 756 1958 est
770 1909 1081 1958 celeberrima
1098 1913 1320 1961 Dostoris

335 1981 575 2029 Gentium
596 1977 792 2028 Basilica
808 1997 918 2028 cum
931 1981 1058 2029 mole
1072 2016 1088 2038 ,
1121 1995 1225 2029 tum
1242 2001 1318 2029 au-

332 2048 543 2101 tstoribus
573 2086 584 2096 .
627 2053 836 2118 Magnus
875 2052 1005 2099 enim
1044 2051 1314 2101 Constanti-

333 2139 423 2170 nus
437 2122 569 2168 illam
589 2120 751 2186 primo
773 2119 1061 2181 construxit3
1079 2136 1317 2171 auxerunt

331 2192 482 2249 vero,
512 2192 588 2239 vel
605 2193 706 2258 poti
723 2188 772 2240 iis
799 2191 960 2241 denuo
988 2195 1013 2241 a
1040 2189 1321 2243 fundamen-

332 2263 392 2310 tis
404 2263 453 2310 in
470 2258 849 2329 splendidiorem
867 2262 982 2309 hanc
1000 2259 1321 2331 formam‚qu?i

333 2331 482 2381 modo
504 2330 675 2379 visitur
688 2368 704 2390 ,
719 2331 1002 2381 excitarunt
1017 2336 1319 2384 Valentinia-

330 2421 416 2449 nus
431 2438 446 2459 ,
464 2399 761 2451 Theodosius
776 2439 792 2460 ,
808 2404 857 2453 &
874 2403 1112 2452 Arcadius
1126 2408 1174 2453 A
1186 2408 1234 2454 A
1250 2409 1313 2454 A.

332 2469 498 2520 Latius
535 2472 594 2521 de
632 2473 713 2520 illa
743 2469 856 2522 diffe
872 2491 1031 2522 remus
1076 2477 1123 2523 in
1159 2475 1315 2525 nostro

327 2543 535 2592 tra-statu
549 2578 564 2599 ,
589 2559 733 2608 quem
767 2542 868 2610 post
885 2543 1161 2611 praesentem
1177 2548 1224 2593 in
1241 2547 1313 2594 lu-

330 2631 434 2662 cem
450 2613 627 2661 edituri
645 2611 821 2669 sumus,
836 2613 1054 2681 Desacris
1076 2615 1314 2684 AE'dificizs

331 2701 420 2732 tam
451 2688 500 2731 in
529 2683 761 2733 Occidente
793 2721 808 2743 ‚
843 2689 967 2751 qucim
993 2689 1042 2733 in
1078 2686 1262 2735 Oriente
1285 2693 1313 2738 ὰ

331 2753 501 2821 Magno
517 2755 808 2805 Constantino
834 2753 1125 2803 conflruffis.
1166 2758 1310 2804 Nunc

751 293 1187 349 VETERA
1260 261 1967 350 MoiNIMENTA

1377 368 1534 416 titudo
1550 404 1566 426 ,
1604 367 1943 436 comprehenso
1966 369 2096 438 quod
2122 383 2357 439 occupant

1376 433 1505 486 bases
1517 439 1853 488 columnarum
1870 438 2038 507 spatio,
2055 440 2120 490 est
2136 443 2227 509 pal.
2237 457 2351 505 304.

1379 504 1669 556 Ascenditur
1691 508 1750 558 ad
1771 509 2052 559 transversas
2082 514 2242 560 Naves
2270 529 2354 579 per

1379 578 1585 644 quinque
1612 578 1787 647 gradus
1814 616 1830 638 ,
1867 598 2068 648 quarum
2097 582 2353 650 longitudo

1380 646 1444 695 est
1472 648 1563 715 pal.
1585 663 1698 712 324.
1717 651 2242 718 Singularumlatitudo
2257 653 2352 719 pal.

1383 733 1462 778 52.
1503 717 1750 767 ambarum
1780 722 1919 769 limul
1948 756 1964 778 ,
2010 721 2353 790 comprehenlo

1378 788 1712 837 columnarum
1728 787 1907 858 spatio,
1942 808 2055 840 120.
2074 796 2130 842 In
2159 794 2355 861 prima-2

1379 857 1573 906 istarum
1589 857 1827 909 Confeffio
1843 861 1935 918 est,
1953 858 2049 910 five
2066 865 2235 912 Altare
2254 881 2352 911 ma-

1374 934 1446 994 jus
1461 965 1476 986 ,
1499 930 1549 979 &
1565 927 1924 997 Presbyterium
1940 967 1956 988 ,
1982 929 2080 982 five
2103 930 2242 982 Absis
2257 969 2274 991 ‚
2304 935 2353 980 iii

1374 1018 1468 1066 qua
1493 999 1688 1049 aderant
1726 1003 1898 1068 viginti
1930 1002 2166 1052 culumnae
2185 1038 2202 1060 ,
2241 1003 2354 1053 inde

1375 1073 1401 1120 ὲ
1416 1069 1575 1137 Xysto
1590 1075 1653 1120 V.
1670 1069 1909 1121 occafione
1924 1071 2274 1121 restaurationis
2289 1070 2358 1120 as-

1377 1155 1574 1210 portatae
1589 1177 1605 1198 ,
1635 1155 1688 1188 ut
1704 1139 1868 1189 scribit
1889 1145 2148 1192 Severanus
2166 1144 2237 1194 De
2249 1145 2354 1210 Sep-

1375 1230 1460 1260 tem
1486 1211 1628 1264 Urbis
1654 1213 1853 1281 Ecclcfiis
1886 1249 1897 1259 .
1938 1215 2092 1262 Navis
2123 1215 2354 1264 medianae

1375 1284 1607 1331 columnae
1633 1281 1738 1330 sunt
1766 1301 1966 1332 numero
2003 1284 2353 1352 quadraginta3

1373 1355 1550 1423 viginti
1572 1352 1799 1401 videlicet
1824 1357 1850 1403 ὲ
1869 1352 2087 1422 quolibet
2112 1357 2259 1404 latere
2278 1371 2353 1402 or-

1372 1423 1495 1472 dinis
1524 1424 1798 1480 Corinthii,
1837 1442 2038 1491 quarum
2068 1422 2351 1476 sexdecim...

1371 1512 1466 1542 non
1495 1490 1602 1541 sunt
1630 1491 1832 1560 perfeci&
1860 1493 2109 1544 elaboratae
2130 1533 2146 1554 ,
2185 1492 2264 1544 sed
2301 1496 2350 1543 in

1369 1566 1528 1631 aliqua
1553 1579 1685 1633 parte
1711 1565 1877 1626 rudes3
1914 1566 2119 1614 aliarum
2149 1563 2264 1614 ver&
2281 1567 2352 1613 vi-

1369 1636 1490 1704 ginti
1512 1649 1741 1701 quatuor,
1771 1634 2136 1702 quatuordecim
2153 1654 2212 1685 ex
2234 1635 2349 1684 dua·

1375 1711 1457 1753 bus
1507 1707 1758 1756 marmoris
1810 1705 2022 1773 partibus
2076 1705 2352 1755 construe}ae

1373 1772 1480 1823 sunt
1498 1811 1508 1821 .
1527 1778 1583 1823 In
1605 1777 1708 1823 aliis
1723 1774 1944 1823 Navibus
1961 1775 2167 1825 totidem
2188 1794 2352 1824 nume-

1375 1864 1427 1894 ro
1445 1846 1679 1894 columnae
1695 1881 1711 1903 ,
1745 1843 1823 1894 sed
1839 1847 2038 1894 minoris
2057 1845 2353 1916 magnitudi-

1372 1918 1442 1964 nis
1454 1952 1470 1973 ‚
1487 1917 1536 1965 ὃς
1553 1916 1820 1962 altitudinis
1837 1951 1847 1960 .
1867 1918 2046 1962 Narrat
2061 1917 2191 1965 idem
2209 1919 2351 1965 Seve-

1371 2003 1508 2033 ranus
1533 1985 1786 2033 nonnullas
1821 2002 1878 2033 ex
1907 1983 2085 2034 eisdem
2116 1988 2353 2035 columnis

1368 2051 1502 2104 fuisse
1527 2055 1796 2122 desumptas
1822 2073 1879 2102 ex
1910 2057 2039 2104 mole
2066 2056 2318 2105 Hadriana
2338 2091 2349 2102 .

1371 2123 1590 2176 Profesto
1625 2127 1674 2173 in
1703 2123 1924 2173 omnibus
1941 2144 2036 2174 non
2052 2140 2248 2194 apparet
2279 2144 2352 2175 ea-

1375 2197 1486 2246 dem
1523 2195 1913 2253 Architestonica
1969 2198 2132 2265 regula
2160 2219 2174 2257 3
2223 2195 2353 2263 quod

1374 2270 1520 2318 etiam
1533 2263 1717 2316 basibus
1730 2268 1950 2336 contigit.
1966 2268 2098 2316 Hinc
2114 2265 2353 2324 existimo,

1373 2340 1506 2396 illas,
1539 2355 1641 2405 quae
1670 2338 1917 2405 politiores
1934 2336 2071 2395 sunt,
2107 2356 2166 2387 ex
2183 2337 2352 2386 eadem

1369 2410 1498 2458 mole
1528 2405 1828 2475 desumptas,
1856 2409 1968 2455 alias
1997 2408 2111 2456 vero
2134 2407 2352 2457 rudiores

1367 2475 1502 2528 fuiffe
1533 2476 1793 2527 elaboratas
1811 2491 1946 2526 aetate
1967 2476 2350 2545 supradictorum

1368 2554 1724 2618 Imperatorum
1740 2545 1998 2596 Theodosii
2014 2550 2107 2599 ἃς.
2124 2566 2217 2616 quo
2232 2561 2351 2596 tem-

1366 2639 1478 2688 pore
1508 2618 1639 2667 bonae
1667 2632 1786 2667 artes
1815 2620 1863 2665 in
1890 2617 2099 2668 deterius
2124 2616 2347 2668 labeban-

1365 2706 1444 2738 tur
1464 2726 1474 2736 .

1432 2761 1591 2809 Facies
1618 2756 1834 2807 Ecclesiae
1851 2795 1866 2816 ,
1904 2774 2003 2823 quae
2024 2757 2348 2808 Occidentem

328 2825 459 2872 enim
475 2829 570 2884 ejus
595 2822 879 2873 {truciuram
901 2824 1128 2874 brevibus
1151 2824 1306 2895 prose«
1362 2831 1643 2899 hyemalem
1665 2827 1857 2897 respicit
1873 2863 1889 2885 ,
1915 2829 2123 2895 quinque
2143 2826 2348 2877 habebat

327 2895 409 2961 qui
436 2891 544 2940 satis
571 2889 741 2941 fuerit.
774 2892 971 2942 Basilica
1001 2895 1097 2943 haec
1127 2895 1307 2965 septem
1357 2907 1545 2965 januas,
1571 2917 1774 2968 quarum
1794 2898 1954 2948 media
1976 2897 2164 2947 tannim
2185 2911 2347 2966 aperta

328 2965 541 3012 continet
559 2964 767 3029 porticus
783 2999 798 3019 ,
818 2961 917 3013 five
940 2967 1100 3013 Naves
1117 3003 1133 3023 ,
1165 2970 1301 3034 quin-
1360 2969 1452 3032 est3
1481 2972 1582 3019 aliae
1604 2970 1720 3019 vero
1743 2987 1884 3018 muro
1915 2967 2191 3018 obstructae:
2227 2983 2345 3018 tem-

327 3052 419 3101 que
443 3035 492 3080 in
509 3034 738 3099 longum,
764 3033 972 3100 duasqiie
993 3035 1303 3088 transversas:
1360 3059 1473 3109 pore
1489 3038 1852 3109 autemJubilaei
1869 3076 1885 3097 ,
1915 3036 2013 3086 sive
2034 3041 2167 3087 Anni
2187 3037 2346 3087 Sancti
2422 3097 2425 3101 .

327 3117 383 3152 ut
409 3103 754 3170 Ichnographia
784 3103 1079 3153 demonstrat
1104 3108 1151 3155 in
1178 3109 1303 3157 Tab.
1360 3131 1412 3160 ea
1428 3112 1686 3169 reseratur,
1711 3109 1940 3158 videlicet
1969 3125 2070 3174 quae
2101 3110 2149 3156 in
2172 3109 2346 3157 Ichno-

330 3177 423 3224 VI.
461 3176 688 3240 Qinque
715 3175 934 3222 Navium
960 3176 1215 3245 longitudo
1243 3177 1308 3227 est
1357 3182 1552 3250 graphia
1570 3180 1777 3250 signatur
1804 3181 1877 3228 lit.
1901 3181 1963 3226 A.
1995 3178 2078 3227 Ad
2101 3177 2340 3227 sinistrum

330 3245 420 3312 pal.
436 3262 553 3307 404.
579 3243 785 3294 latitudo
802 3243 918 3294 ver&
935 3245 1167 3296 medianae
1191 3268 1208 3297 1
1226 3268 1302 3298 10.
1357 3253 1479 3300 latus
1506 3250 1571 3300 est
1601 3253 1743 3299 turris
1768 3251 2094 3317 campanaria,
2126 3263 2180 3296 ut
2197 3251 2270 3296 lit.
2289 3251 2342 3294 Β.

329 3315 598 3363 lateralium
622 3333 704 3378 40.
726 3316 786 3366 In
814 3328 972 3366 totum
1001 3315 1209 3369 Bafilicae
1236 3320 1304 3368 la-

1362 3320 1560 3370 denotat
1578 3358 1587 3368 .
1624 3326 1681 3370 Iii
1706 3318 1924 3387 quolibet
1940 3321 2093 3369 Navis
2112 3319 2342 3368 medianae

2194 3389 2342 3437 latere
