2482 3742
656 243 696 294 c
762 244 809 293 A
879 242 921 292 P
994 242 1042 293 v
1115 241 1161 293 T
1269 214 1569 295 XXVHL

118 326 198 362 tur
224 328 249 357 a
271 310 494 370 Sidonio}
523 307 583 360 fic
607 330 716 361 eum
731 310 1087 365 describentem

117 383 379 449 ‚Panegyrico
397 381 455 430 ad
467 384 748 442 Anthemium
767 418 778 428 -

186 449 458 520 Γ,ἶλίέζεζξῑηιπι
483 454 562 502 duo
587 473 716 525 regna
732 470 918 506 vocant:
956 472 1089 506 namd

255 538 379 589 patre
391 522 563 585 Saevus
574 560 589 581 ,

191 593 262 642 Ac
277 593 497 647 Genitrice
512 595 670 645 Gethes
685 595 834 665 :simul
841 599 895 646 ὑ
910 599 1091 655 reminis=

246 663 390 731 scitur
406 665 524 713 illud
533 699 567 733 ⁹.
880 664 882 666 ’

188 731 330 808 de
343 733 620 802 Tartcffiacis
637 754 749 788 avus
768 739 896 803 htfjus
922 737 1092 785 Wallia

263 819 394 855 terres

194 874 452 929 Vandalicas
480 893 645 926 turmas
660 912 678 935 ,
707 880 762 928 <J
774 875 929 944 junHi
954 873 1093 939 Marf

264 949 327 995 tis
342 949 512 996 Alanos

188 1014 374 1065 Stravit
389 1027 479 1075 (Tc,

119 1086 375 1145 Sidonium
404 1085 626 1153 sequutus
657 1085 723 1137 est
749 1087 965 1156 Sigonius
987 1087 1096 1136 De„

120 1155 603 1225 Occidentalilmperio
635 1157 693 1206 ad
724 1175 828 1205 ann.
862 1173 978 1221 454.
1014 1154 1097 1203 ubi

119 1221 210 1274 fic:
250 1224 304 1274 In
323 1232 413 1293 ejus
442 1231 575 1279 locum
589 1229 859 1298 substitutus
876 1229 944 1278 ef}
969 1228 1095 1277 Rici-

121 1313 210 1344 mer
228 1296 402 1356 Saevus
416 1332 431 1353 ,
457 1314 505 1346 ut
522 1304 664 1364 inquit
688 1299 890 1347 Sidonius
911 1319 925 1358 ;
961 1315 1094 1346 natm.

123 1366 206 1414 alii
239 1365 480 1430 Vandalum
503 1366 789 1433 prodiderunt
812 1402 828 1423 ‚
865 1373 938 1433 qui
962 1386 1097 1433 genus

123 1450 361 1496 maternum
387 1437 445 1496 ad
462 1439 652 1493 Valliam
672 1437 906 1487 Gothorum
936 1436 1098 1505 Regem

115 1510 363 1574 proximum
388 1504 620 1575 referebat,

199 1576 329 1627 Cum
359 1595 470 1646 ergo
503 1580 768 1628 Ricimerus
799 1597 858 1628 ex
886 1590 1100 1625 materna

125 1644 342 1719 prosapia
369 1647 664 1698 descenderit
687 1667 712 1696 a
733 1651 892 1699 Vallia
912 1647 1099 1696 Gotho-

127 1736 235 1766 rum
249 1722 381 1786 Rege
395 1753 409 1772 ‚
429 1720 508 1785 qui
525 1719 731 1778 ArianuS
745 1717 865 1775 fuit:
884 1715 978 1785 ipse
992 1736 1100 1784 quo-

126 1806 218 1856 que
259 1790 527 1848 Ricimerus
565 1790 635 1837 uti
668 1790 772 1838 talis
811 1787 1103 1857 reputandus

127 1856 224 1917 est,
244 1859 301 1908 eo
320 1860 468 1928 magis
483 1895 498 1918 ,
515 1857 643 1925 quod
662 1860 816 1929 plures
836 1860 883 1920 id
903 1853 1103 1907 asserunt

125 1931 426 1997 Scriptoreszs
443 1947 615 1997 quare,
644 1931 731 1978 hoc
752 1927 902 1998 posito
919 1965 937 1986 2
959 1926 1118 1996 ipsam·

126 2001 276 2050 etiam
315 2002 358 2047 S.
393 2000 591 2069 Agathae
622 1997 877 2059 Ecclefiam
920 1998 977 2048 ab
1021 1999 1105 2048 illo

128 2067 327 2129 musivis
344 2070 566 2138 operibus
586 2070 858 2120 decoratam
872 2107 888 2129 ,
909 2069 1110 2119 Ariano-

127 2158 239 2190 rum
251 2141 487 2209 templum
503 2137 780 2200 fuiffe,haud
795 2141 858 2191 est
870 2138 1110 2208 ambigen-

128 2210 248 2260 dum
272 2246 288 2268 ,
325 2224 464 2277 atque
491 2211 613 2262 adeo
641 2212 762 2279 illud
783 2208 868 2263 effe
885 2248 900 2269 ,
929 2211 986 2259 de
1015 2229 1107 2277 quo

130 2284 176 2331 S.
197 2282 460 2349 Gregorius
490 2278 697 2341 disserit,
728 2281 839 2341 cum
869 2279 923 2330 fit
945 2283 993 2328 in
1011 2284 1107 2331 Re-

130 2353 274 2422 gione
293 2350 486 2401 Suburae
504 2389 520 2411 ‚
552 2368 606 2402 ut
621 2351 687 2404 est
707 2351 1077 2403 demonstratum
1096 2388 1107 2400 .

191 2426 296 2472 Nec
316 2420 516 2471 subsistit
531 2424 739 2473 Nar-dini
759 2420 1110 2473 affertio:Nem-

132 2510 191 2562 pe
207 2528 223 2550 ‚
241 2494 541 2550 Ricimerum
563 2498 801 2545 Arianum
817 2489 949 2542 fuiffe
969 2495 1113 2540 mini-

132 2564 211 2612 me
242 2581 500 2631 apparere,
525 2566 867 2632 Sidoniumque
898 2566 946 2611 in
969 2565 1111 2612 Pane-

134 2635 310 2703 gyrico
333 2633 392 2682 ad
413 2637 733 2695 Anthemium
754 2672 770 2694 ,
800 2639 1013 2694 Suevum
1034 2654 1112 2702 ap-

131 2705 310 2772 pellare
329 2726 344 2766 3
370 2721 510 2770 quare
524 2742 540 2764 ,
566 2709 675 2766 cum
692 2707 867 2756 Suevia
884 2723 996 2753 cum
1014 2706 1115 2753 aliis

135 2774 507 2826 occidentalibus
527 2778 791 2833 Provinciis
817 2777 1114 2826 Valentinia-

137 2846 270 2902 no,&
287 2847 517 2901 Gratiano
536 2849 798 2904 Catholicis
816 2845 1112 2914 Principibus

134 2912 328 2963 subdita
341 2913 616 2976 suerit,eum
630 2917 937 2968 Catholicum
952 2915 1109 2966 existi-

138 2984 377 3035 mandum
395 2984 486 3036 esse
503 3024 514 3035 .
533 2992 650 3038 Haec
669 2987 874 3037 Nardini
894 2986 1084 3036 assertio
1098 3022 1115 3044 ‚

139 3068 364 3124 tanquam
386 3052 558 3111 {rivola
585 3057 841 3123 rejicienda
870 3055 967 3115 est,
1004 3054 1115 3104 cum

141 3127 263 3174 nihil
291 3121 459 3193 probet
487 3162 507 3184 ,
539 3133 766 3194 quoniam
786 3129 975 3177 Sueviae
1012 3126 1121 3175 duae„

139 3193 252 3245 sunt
266 3216 281 3256 3
294 3197 344 3246 &
361 3213 419 3245 ex
434 3214 636 3262 quanam
652 3201 824 3251 Suevia
845 3199 1118 3247 Ricimerus

115 3286 119 3289 ¹
141 3266 556 3326 fuerit2Na<rdinus
573 3286 668 3318 non
683 3267 970 3329 affetu-Una
988 3269 1121 3318 enim

1138 329 1192 359 ea
1225 311 1290 359 est
1309 349 1325 370 ,
1358 331 1456 379 quae
1490 329 1707 379 magnam
1734 312 1860 361 illius
1884 256 2113 385 Regigiiig

1142 395 1324 450 partem
1339 387 1445 450 (per
1466 400 1607 449 quam
1626 386 1804 431 Saevus
1825 382 2000 433 labitur
2018 387 2111 435 fiu-

1143 455 1285 514 vius)
1312 454 1527 501 continet
1544 489 1559 510 ,
1591 450 1817 503 nimirum
1843 453 2114 508 Provincias

1145 520 1559 590 Mechelburgiam
1580 558 1594 580 ‚
1650 523 1975 575 Pomeraniam
2005 560 2020 581 ,
2066 528 2116 576 &

1147 593 1414 641 Marchiam
1440 628 1452 638 .
1503 594 1671 640 Altera
1701 593 1816 651 vero
1855 595 2026 647 Suevia
2053 595 2118 645 est

1142 663 1392 720 Provincia
1408 664 1563 729 ampla
1580 664 1867 720 Germaniae,
1883 666 2115 713 Bavariae-

1142 750 1232 799 que
1257 734 1563 779 contermina.
1579 736 1650 780 De
1670 733 1751 780 ista
1766 747 1926 782 autem
1944 752 2031 802 ego
2048 736 2118 783 lo-

1144 815 1311 851 cutum
1333 797 1463 849 fuisse
1482 802 1750 850 Nardinum
1764 803 2004 866 judico3de
2023 807 2121 872 pri-

1145 891 1224 921 ma
1248 871 1366 920 vero
1397 868 1528 918 suam
1557 871 1741 920 duxisse
1771 876 2007 941 originem
2035 877 2121 922 Ri-

1148 944 1400 998 cimerum,
1417 959 1614 1007 eamque
1632 944 1854 991 Sueviam
1874 958 1985 992 tunc
2002 957 2119 998 tem-

1150 1014 1274 1081 poris
1299 1013 1530 1059 Arianam
1552 1010 1690 1060 fuisse
1706 1048 1716 1058 .
1757 1015 1862 1062 Scio
1877 1051 1893 1073 ‚
1919 1013 2118 1083 proban·

1150 1083 1268 1132 dum
1287 1080 1379 1130 esse
1402 1082 1476 1129 hic
1495 1101 1518 1128 a
1536 1081 1669 1130 nobis
1683 1118 1698 1140 ,
1736 1085 1962 1132 Sueviam
1981 1104 2007 1131 a
2026 1087 2123 1132 Go-

1151 1155 1242 1202 this
1275 1147 1406 1199 fuisse
1435 1151 1743 1200 inhabitatam
1767 1175 1782 1213 3
1819 1153 1898 1209 sed
1931 1152 2120 1203 difficil-

1150 1226 1265 1273 lima
1303 1221 1564 1270 admodum
1599 1220 1869 1284 hujusmodi
1908 1224 2124 1274 redditur

1150 1292 1368 1362 probatio
1381 1328 1396 1350 ,
1414 1290 1523 1341 cum
1540 1291 1598 1341 de
1614 1293 1785 1342 Gothis
1797 1330 1812 1352 ‚
1827 1296 2022 1361 quinam
2039 1291 2125 1362 ipfi

1148 1363 1323 1421 fuerint
1338 1398 1354 1419 ,
1387 1364 1508 1411 inter
1529 1363 1789 1430 Scriptores
1811 1365 1948 1419 valde
1972 1362 2124 1428 disce-

1152 1446 1310 1500 ptetur
1327 1466 1342 1488 ,
1367 1446 1420 1478 ut
1437 1428 1533 1479 fuse
1561 1432 1850 1489 demonstrat
1867 1435 2125 1484 Cluverius

1154 1506 1201 1550 in
1220 1501 1298 1550 sua
1318 1501 1552 1551 Germania
1568 1508 1746 1571 antiqua
1765 1500 1843 1550 lib.
1862 1518 1905 1561 3.
1924 1524 2023 1573 cap.
2041 1520 2119 1568 34.

1154 1572 1272 1634 Ideo
1304 1573 1541 1621 calamum
1569 1610 1584 1632 ‚
1626 1575 1672 1621 in
1704 1574 1791 1621 hoc
1820 1575 2127 1624 dilucidando

1153 1641 1329 1699 dubio,
1346 1640 1574 1711 suspendo
1593 1680 1608 1701 ‚
1637 1663 1692 1693 ne
1716 1663 1740 1691 a
1761 1643 2010 1694 brevitatis
2033 1643 2129 1693 sco-

1156 1733 1215 1783 po
1237 1710 1444 1765 nimium
1463 1712 1700 1763 discedam
1717 1748 1728 1767 2

1227 1782 1450 1833 Admisso
1478 1787 1621 1833 etiam
1639 1821 1655 1844 ‚
1683 1785 1810 1853 quod
1839 1789 2011 1835 Suevia
2035 1785 2133 1838 fue-

1156 1859 1218 1903 rit
1241 1855 1519 1913 Catholica,
1556 1874 1645 1903 non
1672 1875 1752 1924 per
1777 1858 1862 1905 hoc
1888 1855 2131 1925 sequitur,

1159 1925 1287 1993 quod
1302 1922 1447 1974 fuerit
1463 1925 1609 1974 libera
1622 1962 1636 1983 ,
1649 1928 1697 1977 &
1719 1929 1942 1976 immunis
1959 1926 2014 1976 ab
2032 1947 2135 1977 om-

1161 1998 1208 2055 ni
1240 1994 1424 2053 haerefi,
1454 1998 1691 2064 quoniam'
1710 1999 1831 2046 inter
1858 1999 2135 2048 Catholicos

1162 2065 1415 2133 aliquando
1443 2068 1694 2116 nonnullos
1726 2070 1987 2117 Haereticos
2014 2072 2136 2117 mix·

1163 2151 1232 2186 tos
1260 2133 1399 2184 fuisse
1416 2172 1431 2194 ,
1468 2135 1747 2204 probatione
1784 2139 1982 2187 minime
2015 2139 2089 2187 ind
2101 2141 2137 2187 i-

1161 2222 1242 2277 get
1261 2243 1276 2265 ,
1313 2204 1422 2255 cum
1451 2206 1710 2256 meridiana
1734 2209 1837 2257 luce
1860 2210 2029 2258 clarius
2047 2207 2105 2258 fit
2121 2243 2139 2255 .

1164 2281 1326 2344 Qare
1345 2277 1595 2335 concludo,
1611 2296 1704 2326 non
1721 2276 1781 2326 ob
1800 2277 1867 2334 id,
1882 2279 2011 2345 quod
2028 2282 2140 2329 Sue-

1164 2351 1242 2398 Via
1267 2345 1411 2396 fuerit
1443 2349 1689 2397 Catholica
1710 2384 1725 2406 ‚
1755 2350 1898 2397 etiam
1932 2351 2142 2399 Ricime-

1165 2437 1270 2477 rum
1290 2421 1504 2466 Suevum
1524 2417 1661 2467 luisse
1681 2420 2015 2478 Catholicum,
2030 2417 2142 2469 cum

1168 2490 1377 2558 potuerit
1407 2487 1499 2537 esse
1530 2491 1726 2538 Arianus
1746 2526 1757 2536 .
1796 2494 1990 2539 Fatetur
2015 2488 2145 2559 ipse-2

1168 2561 1441 2617 Nardinus‚
1473 2562 1770 2609 Herulorum
1803 2574 2019 2629 tempore
2041 2562 2143 2609 'in-

1168 2644 1369 2698 quatuor
1387 2628 1569 2678 tantum
1589 2648 1645 2680 ex
1662 2629 1840 2698 septem
1853 2632 2148 2698 Regionibus

1169 2701 1442 2751 Catholicos
1465 2698 1630 2758 fuisse,
1654 2702 1698 2748 in
1718 2701 1909 2768 reliquis
1926 2701 2041 2751 vero
2059 2704 2145 2749 tri-

1168 2771 1251 2820 bus
1267 2772 1470 2819 Arianos
1488 2769 1712 2820 habitasse
1728 2808 1738 2818 .
1769 2773 1815 2818 Si
1833 2773 1950 2820 vero
1969 2790 2145 2840 quaera-

1167 2856 1258 2891 tur:
1273 2860 1434 2890 omnes
1452 2838 1523 2888 isti
1542 2843 1728 2899 Ariani,
1744 2843 1823 2908 qui
1844 2846 2051 2891 Romam
2070 2860 2145 2891 co·-

1167 2913 1329 2961 lebant
1344 2948 1359 2970 ,
1379 2924 1569 2961 erantne
1590 2914 1814 2971 Romani,
1830 2914 1906 2962 vel
1928 2931 1985 2962 ex
2004 2915 2143 2960 unica

1168 2980 1355 3031 tantum
1372 2984 1615 3031 Natione?
1636 2980 2039 3053 Respondendum
2060 3001 2145 3051 pu·

1168 3067 1245 3111 to,
1273 3071 1366 3101 non
1382 3050 1536 3101 solum
1552 3057 1822 3109 Romanos,
1851 3050 1928 3101 sed
1956 3055 2143 3102 etiam-2

1169 3126 1283 3173 alios
1298 3141 1357 3172 ex
1372 3125 1547 3178 caeteris
1561 3121 1846 3172 Nationibus
1862 3120 2147 3171 fimiliAria-

1169 3191 1306 3242 nismi
1328 3192 1433 3243 labe
1449 3196 1718 3261 inquinatos
1733 3187 2011 3249 fuiffe,inter
2028 3213 2146 3262 quos

1169 3261 1256 3323 effe
1278 3260 1476 3334 potuisse
1499 3262 1779 3332 praedictum
1810 3264 2141 3317 Ricimerum.
