2425 3747
728 173 1233 231 CAPUT
1342 169 1448 225 -XI-

2021 184 2089 235 87

11 274 15 280 ·
69 260 237 324 {taque
271 255 366 303 haec
399 247 614 300 manibus
652 260 708 294 ut
743 251 792 294 in
827 245 1050 314 panificio
1101 247 1233 295 nitur
1253 262 1342 313 ope
1361 242 1761 313 pennicilli:tum
1781 240 2085 311 subsequenti

68 327 382 394 subiguntur„
410 323 528 372 &in
554 313 750 377 massam
779 331 1017 384 coguntur
1035 354 1046 365 .
1100 318 1208 375 die,
1236 314 1335 365 five
1363 317 1511 364 etiam
1531 314 1703 364 eodem
1719 349 1735 371 ,
1761 328 1906 383 prout
1933 317 2086 366 Musi-

70 401 131 448 Et
163 400 260 444 haec
293 396 354 445 de
384 392 652 444 Marmorati
670 423 688 446 ,
724 386 821 437 sive
847 390 1048 454 glutinis
1101 391 1238 438 vario
1272 386 1469 435 libuerit
1496 422 1511 444 ,
1549 388 1718 454 gluten
1753 385 2045 454 expanditur
2071 409 2084 438 :

68 456 394 521 confectione:
431 462 581 511 modo
602 473 765 509 autern
790 459 882 527 qua
904 461 1047 508 ratio·
1101 455 1350 524 solentque
1371 455 1571 508 artifices
1588 455 1912 525 utplurimum
1931 458 2090 526 vigin-

69 556 128 588 ne
148 539 320 606 parieti
340 548 530 602 aptetur
544 569 561 591 ,
591 529 940 582 ostendendum
957 529 1022 579 est
1035 565 1047 577 .

154 613 434 673 Antequam
465 605 636 673 gluten
660 599 799 670 supra
825 618 1057 651 mururrL.»

69 677 391 733 extendatur,
415 673 644 725 abradere
671 674 855 722 calcem
874 666 1056 722 necesse

69 749 138 802 est
151 786 168 808 ,
195 764 349 797 unum
374 747 499 796 inter
515 748 565 797 &
585 747 792 794 alterum
814 745 1056 793 laterem.»

68 818 355 873 existentem
370 852 387 875 ,
413 834 613 884 eamque
631 834 889 873 excavare,
907 827 963 863 ut
983 827 1057 863 tot

68 890 324 943 canaliculi
342 888 400 938 ad
422 889 572 937 unciae
589 889 730 937 unius
745 889 936 936 circiter
953 884 1054 953 pal-

70 964 141 1010 mi
176 961 386 1010 Romani
423 955 807 1026 profunditatem
841 957 1054 1006 formen-

68 1047 178 1090 tur,
207 1029 266 1080 ad
283 1031 408 1079 hunc
428 1028 573 1080 finem
593 1065 610 1089 ,
637 1044 691 1077 ut
717 1023 1055 1097 superimposi-

68 1116 179 1152 tum
202 1102 370 1168 gluten
395 1099 608 1151 tenacius
631 1117 772 1148 muro
796 1099 1058 1153 cohaereat,

70 1192 147 1225 eas
163 1173 396 1221 cavitates
411 1169 707 1237 subimplens
722 1204 740 1227 ,
767 1189 820 1219 ac
845 1168 1056 1218 totidem

70 1243 486 1293 concatenationes
516 1238 771 1290 efformans
800 1275 812 1287 .
853 1241 901 1287 Si
937 1238 1056 1288 vero

68 1311 237 1380 (quod
261 1311 436 1360 accidit
461 1311 757 1379 aliquando)
794 1328 960 1358 murus
997 1325 1058 1358 ex

67 1384 254 1450 magnis
284 1380 524 1450 lapidibus
550 1381 764 1432 constet:
802 1383 912 1450 quia
942 1395 1057 1432 tunc

68 1456 299 1502 cavitates
326 1469 386 1500 ex
405 1453 547 1500 calcis
576 1450 821 1502 abrasione
841 1450 1058 1501 formata?

68 1523 133 1573 ob
154 1522 369 1590 lapidum
401 1522 712 1573 latitudinem
739 1525 867 1575 inter
887 1520 933 1572 se
952 1523 1056 1571 val-

71 1595 130 1643 d&
148 1591 405 1650 distarent,
426 1610 511 1642 nec
527 1595 707 1661 glutini
731 1596 960 1642 minimus
982 1611 1062 1661 pa-

70 1676 199 1711 teret
225 1663 381 1710 aditus
397 1696 416 1719 ,
441 1680 537 1720 quo
560 1664 734 1721 lapidis
758 1662 1062 1722 superficiem

71 1738 374 1799 penetraret,
411 1724 552 1790 eique
576 1724 884 1791 pertinaciter
918 1724 1060 1770 inhae—

72 1811 234 1857 reret3
262 1810 317 1843 ut
337 1811 478 1842 muro
499 1795 731 1861 perpetuo
762 1792 965 1842 infixum
988 1811 1059 1842 re-

72 1880 293 1924 maneat,
312 1882 398 1913 nec
418 1862 590 1911 divelli
613 1861 754 1930 poffit
770 1899 785 1921 ,
809 1865 936 1911 clavi
958 1865 1060 1910 lon-

73 1937 306 2009 gitudinis
323 1932 491 1983 saltem
515 1935 767 1983 unciarum
790 1935 1062 2001 quinques»,

75 2010 231 2077 capita
251 2003 507 2075 grandiora
525 2003 748 2056 habentes
767 2042 782 2062 ,
812 2022 1062 2072 quorum-2

75 2095 249 2146 nempe
271 2076 509 2125 diameter
535 2073 649 2123 duas
666 2078 825 2124 uncias
843 2075 1065 2133 excedat,

76 2150 238 2201 eidem
268 2146 377 2194 saxo
401 2147 451 2193 vi
482 2142 639 2192 multa
666 2143 923 2214 infigantur
942 2183 958 2205 ,
997 2148 1064 2194 ita

77 2235 241 2270 tamen
258 2230 311 2264 ut
329 2233 449 2264 unus
466 2214 523 2263 ab
543 2217 693 2265 altero
710 2235 805 2266 non
825 2219 950 2265 ultra
968 2219 1067 2285 pal-

78 2292 148 2339 mi
186 2286 504 2356 quadrantem
539 2284 681 2335 distet
701 2322 718 2345 ,
754 2307 808 2336 ac
839 2287 1011 2355 singuli
1041 2289 1066 2337 ὲ

77 2360 332 2411 marmoris
352 2354 597 2426 superficie
619 2358 1066 2426 promineant,adeo

80 2446 135 2480 ut
150 2447 318 2479 eorum
338 2430 496 2496 capita
514 2429 740 2497 amplecsti
762 2466 779 2487 ,
805 2432 854 2480 ὃ(
876 2427 1065 2478 circun-

80 2501 195 2550 dare
215 2496 354 2568 poffit
367 2500 542 2567 gluten
567 2501 622 2549 iis
639 2499 1035 2569 superindue‘tum
1052 2533 1063 2541 -

152 2567 558 2638 Compendiosius
586 2571 668 2623 alii
699 2574 954 2621 inventum
984 2589 1066 2620 ex-

82 2644 356 2711 cogitarunt
376 2676 392 2698 ,
430 2639 685 2690 videlicet:
715 2639 825 2691 cum
858 2639 973 2711 saepe
1000 2644 1065 2690 la-

84 2715 256 2782 pidum
276 2724 407 2761 tanta
423 2710 626 2761 durities
641 2708 699 2760 sit
713 2747 729 2769 ,
761 2726 816 2761 ut
836 2713 1066 2782 impervii

83 2781 273 2852 prorsus
290 2820 307 2841 ,
333 2800 420 2831 nec
447 2778 576 2831 ferro
602 2780 819 2851 quolibet
850 2799 1066 2852 penetra-

84 2853 202 2905 biles
228 2854 563 2914 inveniantur3
590 2855 890 2923 implantatis
918 2857 1068 2904 clavis

82 2923 381 2994 longioribus
407 2920 491 2971 'ubi
505 2920 571 2986 fas
590 2924 656 2976 est
669 2962 685 2984 ,
718 2926 936 2977 validum
955 2924 1069 2977 ferri

83 2992 223 3047 filum
242 2990 523 3045 decussatim
544 2996 635 3046 illis
652 2997 1034 3047 circumducitur
1051 3035 1067 3056 ‚

87 3064 208 3114 adeo
237 3080 292 3114 ut
313 3079 412 3116 rete
431 3064 675 3131 quoddam
701 3066 908 3127 efficiat,
935 3071 1066 3138 quod

86 3134 313 3201 imposito
338 3138 525 3205 glutine
546 3138 769 3205 oppletur
789 3174 800 3186 .

154 3206 308 3256 Paries
331 3209 397 3255 ita
425 3222 712 3277 praeparatus
727 3210 814 3260 lini
830 3212 939 3262 oleo
967 3210 1066 3261 illi-

1108 531 1147 576 ti
1172 541 1380 595 quatuor
1411 526 1601 577 tantum
1631 530 1814 598 palmos
1846 527 2091 579 obducere

1108 596 1307 667 pensum
1328 633 1345 655 ,
1381 598 1512 664 quod
1545 598 1730 648 absolvi
1767 596 1904 648 facile
1940 597 2092 667 potest

1108 683 1361 736 antequam
1375 669 1542 736 gluten
1559 667 1857 719 obdurescat.
1874 672 1988 720 Hoc
2010 686 2093 721 ve-

1109 739 1163 790 r&
1179 741 1372 789 mollius
1387 754 1705 808 praeparatur,
1721 755 1775 788 ut
1791 738 1992 790 celerius
2009 758 2092 789 ex·

1109 812 1256 879 cipiat
1278 809 1483 859 intrusos
1503 811 1710 860 encausti
1730 813 1920 879 lapillos
1936 847 1946 858 .
1966 812 2092 859 Glu-

1107 884 1218 930 tinis
1246 883 1403 930 lentor
1422 880 1566 948 usque
1594 882 1654 931 ad
1681 880 1972 949 vigesimum
2002 883 2093 930 cir—

1108 955 1228 1002 citer
1247 952 1377 1001 diem
1401 954 1656 1020 perdurare
1677 950 1827 1014 solet;
1854 970 1949 1020 quo
1970 965 2093 1001 tem-

1110 1026 1235 1092 poris
1258 1022 1408 1091 spatio
1426 1022 1642 1073 absoluto
1658 1058 1673 1080 ,
1698 1025 1784 1072 lini
1805 1026 1970 1074 oleum
1991 1040 2096 1071 cor-

1112 1092 1305 1165 poribus
1333 1093 1614 1162 permistum
1643 1093 1829 1161 prosilit
1849 1131 1864 1153 ,
1895 1096 1944 1144 &
1973 1109 2100 1141 mar-

1109 1167 1286 1223 moris,
1314 1162 1548 1232 calcisque
1574 1182 1829 1234 compages
1856 1166 1906 1211 in
1930 1163 2101 1211 duram

1110 1235 1408 1305 superficiem
1428 1233 1704 1285 obcallescit
1719 1270 1730 1283 .
1761 1238 1905 1285 Hanc
1925 1232 2045 1283 vero
2065 1229 2101 1279 fi

1110 1307 1333 1358 emollire
1364 1309 1539 1356 iterum
1557 1307 1747 1375 cupias,
1779 1303 1906 1354 ferro
1928 1306 1978 1352 in
2000 1304 2102 1350 lan·

1111 1398 1203 1432 ceae
1236 1374 1445 1426 formam
1478 1380 1756 1425 acuminato
1785 1411 1801 1433 ,
1837 1388 1922 1422 aut
1956 1369 2104 1420 trulla

1111 1453 1205 1500 erit
1219 1448 1516 1498 concidenda
1529 1484 1545 1506 ,
1572 1446 1819 1498 decussatis
1840 1439 2105 1514 impreffio-

1113 1519 1253 1570 nibus
1280 1520 1339 1569 ad
1368 1521 1480 1570 retis
1508 1521 1803 1587 imaginem,
1834 1513 2107 1581 trulliiquffl

1110 1590 1272 1642 rursus
1304 1589 1618 1641 obtrestanda
1637 1627 1654 1652 ,
1692 1586 1939 1657 quousque
1968 1585 2106 1653 lapil-

1117 1665 1172 1712 lis
1191 1666 1366 1711 iterum
1386 1661 1670 1718 recipiendis
1689 1660 2012 1720 obtemperet.
2031 1656 2109 1700 Li-

1115 1724 1162 1769 ni
1186 1723 1351 1770 oleum
1379 1723 1405 1769 a
1423 1719 1769 1770 recentioribus
1801 1719 1954 1771 maffae
1971 1740 2104 1770 com-

1116 1791 1312 1842 mistum
1333 1827 1349 1848 ,
1380 1789 1688 1840 descriminat
1712 1791 1770 1840 ab
1795 1795 2107 1860 antiquorum

1116 1864 1302 1930 glutine
1336 1863 1501 1927 gluten
1527 1863 1775 1925 juniorum
1800 1886 1816 1924 ;
1854 1864 1946 1912 hoc
1973 1865 2106 1912 enim

1118 1935 1306 1981 luteum
1331 1931 1526 1988 evadit,
1551 1929 1660 1978 cum
1689 1933 1814 1980 illud
1841 1933 1901 1980 ad
1923 1932 2104 1981 albedi-

1118 2020 1231 2052 nem
1266 2015 1468 2070 vergat,
1499 2002 1625 2050 unde
1656 2004 1806 2051 etiam
1825 2002 2106 2053 costruc'tiffi

1118 2077 1188 2124 nis
1216 2087 1408 2140 tempus
1431 2074 1619 2121 eruitur
1637 2109 1647 2119 .

1189 2143 1352 2193 Habes
1373 2144 1532 2210 itaque
1549 2178 1565 2200 ,
1581 2143 1752 2192 Lenos
1767 2178 1783 2201 ,
1798 2160 1900 2210 quae
1917 2141 1976 2192 ad
1993 2146 2109 2192 Mu-

1118 2213 1333 2264 sivorum
1355 2232 1559 2282 operum
1577 2210 1812 2263 fabricam
1833 2214 2107 2281 pertinent,

1119 2287 1298 2337 nedum
1323 2286 1540 2355 generice
1571 2285 1779 2334 indicata
1798 2321 1814 2343 ,
1847 2281 1929 2332 sed
1958 2285 2106 2333 etiam

1118 2357 1394 2427 singillatim
1421 2356 1650 2423 explicita
1682 2374 1768 2424 pro
1794 2352 1991 2420 singulis
2022 2373 2104 2404 eo-

1119 2427 1343 2477 rumdem
1371 2425 1644 2495 speciebus,
1679 2445 1792 2494 quas
1817 2423 2103 2494 elegantissi-

1120 2501 1195 2547 m&
1219 2499 1482 2548 elaboratas
1508 2495 1726 2566 inspicies
1751 2499 1800 2544 in
1835 2496 1973 2549 Urbe
2001 2499 2104 2544 Ro-

1119 2589 1223 2621 ma.
1265 2573 1312 2619 Si
1338 2569 1591 2618 elenchum
1619 2566 1934 2637 insigniorum
1961 2584 2109 2635 expo-

1120 2640 1260 2691 stulas
1274 2676 1291 2698 ,
1314 2658 1373 2689 en
1393 2638 1481 2687 tibi
1499 2641 1704 2707 carptim
1725 2635 1943 2687 recenseo
1963 2674 1975 2685 .

1203 2713 1370 2759 Primae
1398 2710 1744 2778 magnitudinis
1763 2745 1779 2770 ,
1817 2708 1898 2758 seu
1931 2706 2106 2776 speciei

1121 2782 1229 2832 sunt
1252 2779 1349 2830 serex
1377 2784 1540 2829 omnia
1555 2778 1751 2828 Mufiva
1771 2781 1966 2846 antiqua
1983 2816 1994 2827 .
2024 2781 2104 2828 Se-

1123 2855 1286 2902 cundae
1301 2850 1508 2920 speciei,
1524 2848 1604 2899 seu
1626 2852 1774 2901 mediae
1788 2887 1804 2908 ,
1824 2852 1870 2898 in
1892 2848 2105 2898 fornice)

1124 2926 1372 2976 Vaticanae
1399 2920 1602 2971 Basilicae
1630 2921 1695 2971 est
1718 2919 1899 2992 infigne
1929 2919 2102 2967 Genti-

1122 2998 1283 3045 litium
1311 2991 1551 3043 Pontificis
1567 2994 1702 3041 Pauli
1723 2995 1787 3043 V.
1819 2997 1874 3041 In
1897 2985 2104 3036 Ecclesia

1120 3068 1278 3117 saneti
1310 3066 1508 3123 Alexii,
1547 3063 1630 3112 ubi
1667 3060 1935 3131 depositum
1965 3057 2104 3106 vides

1121 3137 1392 3189 Cardinalis
1415 3138 1442 3185 a
1468 3137 1647 3184 Balneo
1666 3170 1683 3191 ,
1719 3133 1875 3180 tholus
1903 3127 1967 3177 est
1987 3145 2101 3195 ope-

1122 3211 1183 3261 ris
1198 3204 1484 3280 imperfeffl.
1505 3211 1562 3258 In
1578 3200 1782 3254 Ecclesia
1803 3200 1979 3264 Sanstae
1997 3202 2104 3248 Ma-

2024 3270 2103 3317 ria>⁶
