2425 3747
733 172 1240 231 CAPUT
1337 169 1522 224 XIII.

119 253 421 322 discrepant3
453 251 505 303 δε
524 242 713 298 tantum
735 246 997 296 convenire
1026 247 1095 294 in-

114 340 187 374 ter
208 322 253 373 se
281 322 537 377 videntur,
573 315 704 385 quod
736 334 819 385 per
840 317 996 366 literas
1023 318 1091 368 H.

115 396 168 445 ἃ
189 399 254 447 Χ.
277 410 455 443 nomen
473 387 650 441 Christi
666 422 683 444 ‚
702 405 784 456 per
807 386 864 434 Γ.
882 386 1091 455 Aposto-

114 461 572 531 lorumsymbolum
591 456 875 507 denotetur:
896 476 996 524 quae
1024 454 1091 504 as-

112 531 256 583 sertio
283 534 474 601 qualem
506 528 676 578 habeat
706 525 1090 577 subsistentiam-³

113 601 394 654 omnimoda
420 601 624 650 varietas
652 599 826 647 horum
855 597 1093 646 characte-

115 691 224 724 rum
239 709 255 731 ,
285 674 335 722 ὃ(
353 686 577 721 notarum
597 706 613 728 ,
651 669 798 718 modo
821 671 868 716 in
888 665 1058 716 iisdem
1074 700 1091 724 ,

112 742 262 792 modo
283 744 330 790 in
347 740 542 792 diversis
560 737 846 809 imaginibus
874 738 931 787 ad
952 736 1090 788 vesti·

110 827 390 863 mentorum
407 810 613 860 fimbrias
632 805 972 878 expressarum,
986 807 1093 855 dili-

106 884 239 952 genti
269 900 352 952 per
375 880 654 932 vetustiores
684 877 900 928 Basilicas
930 881 1090 928 Sacra-

106 969 216 1000 rum
237 954 531 1022 picturarum
548 970 600 999 ac
613 948 921 1000 Mufivorum
936 946 1090 998 obser-

111 1026 306 1073 vatione
333 1028 359 1074 a
379 1023 514 1073 nobis
535 1018 826 1071 considerata
839 1056 857 1079 ‚
889 1013 1087 1069 omnino

106 1092 165 1142 de
180 1093 486 1142 monstrabit·-

188 1165 364 1231 Qoad
388 1166 575 1213 literam.
594 1164 662 1211 H.
687 1161 783 1209 haec
819 1177 914 1208 non
935 1157 1090 1212 sol-&m

107 1237 321 1281 cernitur
359 1236 408 1281 in
436 1230 612 1284 Christi
645 1228 775 1280 veste
814 1231 863 1276 in
891 1231 1087 1281 Mufivo

104 1321 246 1370 opere
260 1339 276 1361 ,
291 1303 419 1370 quod
439 1305 486 1350 in
503 1298 745 1371 profanata
762 1295 956 1348 Basilica
974 1306 1084 1351 San.

101 1372 169 1422 <sti
210 1375 416 1423 Andreae
453 1379 502 1424 in
534 1372 734 1426 Barbara
769 1369 1087 1436 cernebatur-5

101 1441 271 1492 verum
290 1446 437 1493 etiarn
466 1447 513 1492 in
532 1441 741 1493 vestibus
758 1442 1085 1494 Sanctorum-2

89 1515 293 1584 joannis
313 1514 530 1583 Baptistae
547 1551 564 1573 ,
586 1513 845 1585 &Joannis
865 1514 1085 1585 Evange÷

104 1582 214 1632 listae
241 1619 258 1642 ,
292 1585 342 1635 ὃς
379 1585 587 1635 duorum
622 1583 928 1654 Angelorum
964 1585 1087 1636 stam.

101 1654 226 1700 tium
250 1654 312 1703 ad
333 1654 583 1704 dexteram
600 1689 617 1711 ‚
652 1657 702 1705 ἃ
729 1652 958 1704 sinistram
982 1659 1085 1704 Sal-

100 1725 280 1772 vatoris
307 1727 355 1772 in
376 1725 604 1775 Oratorio
623 1726 668 1772 S.
689 1722 919 1774 Venantii
938 1759 949 1770 .
988 1725 1081 1772 Ea-

100 1791 212 1841 dem
231 1791 401 1842 visitur
428 1796 476 1841 in
498 1792 704 1843 vestibus
734 1794 1083 1843 nonnullorum

97 1861 445 1930 Apostolorum
468 1866 514 1910 in
541 1863 781 1910 Triclinio
803 1863 1044 1912 Leoniano
1062 1899 1080 1920 ,

100 1932 274 1981 additis
296 1933 533 2000 aliquibus
559 1933 743 2002 punctis
761 1968 778 1991 ,
814 1932 861 1978 in
881 1933 968 1981 hac
983 1930 1078 1982 for-

100 2020 179 2050 ma
203 2002 240 2069 Η
261 2039 277 2061 ,
313 2003 519 2070 ideoque
545 2005 684 2052 litera
706 2004 773 2052 H.
795 2019 890 2052 non
913 2002 977 2052 est
998 2022 1075 2072 pe-

102 2072 281 2122 culiare
307 2070 495 2142 signum
520 2071 661 2142 ipsius
683 2070 941 2122 Salvatoris
956 2111 972 2133 ,
999 2073 1080 2124 sed

100 2146 369 2192 communis
389 2146 534 2193 etiam
557 2144 660 2192 aliis
680 2143 857 2192 Sanctis
872 2180 887 2201 ,
901 2145 952 2194 &
974 2150 1078 2194 An-

97 2214 240 2282 gelis.
280 2216 450 2281 Neque
477 2210 758 2263 adamuffim
785 2212 961 2280 ubique
993 2215 1076 2265 de=

97 2283 279 2333 lineata
297 2288 337 2334 Ι.
355 2282 496 2333 litera
516 2284 702 2353 fignatae
719 2298 983 2335 cernuntur
997 2303 1076 2335 ve-v

96 2351 186 2403 stes
213 2355 495 2404 Sanctorum
529 2356 653 2405 Petri
680 2390 696 2412 ,
730 2355 781 2405 &
812 2355 943 2403 Pauli
972 2390 988 2413 ,
1024 2374 1078 2404 ac

98 2423 351 2473 Laurentii
382 2427 432 2473 in
461 2444 574 2478 arcu
609 2425 836 2473 Tribunae
864 2423 1079 2475 Ecclesiae

99 2494 261 2544 Sancti
294 2496 560 2546 Clementis
589 2517 600 2544 :
641 2498 687 2543 in
717 2495 934 2544 Tribuna
967 2499 1083 2545 San-2

97 2564 289 2613 «storum
317 2565 502 2615 Cosmae
518 2602 533 2624 ,
561 2568 611 2616 &
632 2568 858 2615 Dar-niani
888 2564 1076 2635 figura„

97 2637 177 2691 (ut
193 2638 388 2705 opinor)
406 2640 452 2685 S.
466 2637 598 2684 Pauli
619 2672 634 2694 ,
659 2634 778 2685 ficut
797 2635 1077 2687 observatur

97 2706 245 2754 etiam
268 2709 317 2754 in
339 2706 468 2756 veste
496 2707 653 2756 Sancti
673 2708 798 2757 Petri
818 2709 867 2755 in
894 2707 1080 2758 Tribu-

99 2792 157 2822 na
190 2778 367 2828 sanstae
393 2779 560 2827 Mariae
588 2776 953 2845 Transtyberim
970 2815 986 2837 ,
1022 2799 1075 2830 ac

96 2847 146 2893 in
161 2847 368 2896 vestibus
382 2849 577 2895 Patrum
597 2849 779 2914 antiqui
796 2846 1078 2900 Testamenq

98 2918 162 2965 ti:
202 2931 490 2986 quapropter
519 2919 675 2968 Sancti
701 2919 899 2982 alicujus
924 2938 1071 2989 pecu-

98 2987 212 3037 liare
233 2988 527 3056 Symbolum
553 3006 646 3038 non
665 2988 731 3038 est
747 3025 757 3035 .

168 3061 248 3106 An
268 3058 384 3107 vero
404 3057 588 3127 signum
610 3060 698 3108 hoc
727 3071 805 3179 ἒ
911 3057 969 3108 fit
986 3058 1072 3108 du-.

97 3124 208 3193 plex
236 3128 373 3177 litera
397 3129 450 3175 L.
485 3130 693 3177 invicem
883 3143 1069 3181 contra-

97 3196 244 3264 posita
260 3233 277 3256 ,
302 3196 400 3249 five
420 3199 659 3250 character
671 3234 687 3258 ‚
710 3217 854 3266 quem
873 3218 1075 3271 compoe>

2033 191 2123 225 tot

1146 257 1260 294 nant
1277 243 1330 291 L.
1349 244 1605 301 Latinum,
1630 242 1681 293 &
1711 237 1751 286 Γ
1774 242 1983 291 Gamma
2001 244 2131 293 Grae-

1147 333 1289 373 cum,
1319 316 1520 381 ignoro:
1559 314 1653 362 scio
1676 327 1836 361 tamen
1868 312 2057 361 literam
2092 315 2131 362 L

1145 384 1355 454 conspici
1399 386 1448 433 in
1487 381 1697 434 vestibus
1733 380 2122 450 Apostolorum-2

1146 455 1377 505 Tribunae
1410 457 1455 503 8.
1479 454 1687 503 Andreae
1717 458 1767 502 in
1796 451 2028 512 Barbara,
2069 467 2124 502 ut

1143 524 1265 575 infra
1289 526 1338 571 in
1365 524 1490 573 Tab.
1521 525 1762 576 LXXVI.
1790 525 1903 573 licet
1933 526 1980 572 in
2011 523 2130 573 duo·

1144 596 1229 644 bus
1245 595 1361 644 locis
1390 597 1576 662 proprie
1592 613 1687 644 non
1705 592 1763 643 fit
1782 593 1835 642 L.
1850 630 1868 653 ,
1893 591 1972 644 sed
1996 593 2130 643 aliud

1143 664 1331 734 fignum
1361 665 1469 712 huic
1491 661 1678 725 fimile3
1715 679 1858 733 prout
1888 664 2130 731 hodieque

1142 734 1438 803 conspicitur
1464 736 1514 782 in
1541 731 1749 784 vestibus
1778 736 2127 802 Angelorum-³

1144 808 1194 854 in
1218 823 1332 855 arcu
1365 804 1645 874 triumphali
1677 803 1881 853 Bafilicae
1912 804 2129 858 Liber-ia-

1144 895 1212 925 nae
1225 912 1242 935 ,
1271 875 1540 925 construsto
1567 878 1593 926 a
1613 874 1775 943 Xysto
1791 877 1886 925 111.
1903 894 1957 925 ac
1977 878 2026 926 in
2045 879 2126 927 Fi-

1142 964 1259 1016 gura
1280 948 1476 994 Patrum
1512 947 1694 1012 antiqui
1719 943 2016 996 Testamenti
2049 951 2130 1005 (ut

1142 1021 1194 1066 in
1211 1016 1401 1066 Tabula
1426 1017 1642 1078 XLIX.)
1658 1016 1842 1065 Mufivi
1870 1020 2026 1086 operis
2052 1018 2131 1069 su·

1144 1105 1228 1157 pra
1261 1106 1485 1137 coronam
1514 1084 1723 1155 porticus
1758 1083 1978 1151 ejusdem
2005 1092 2131 1141 Bafi-

1141 1162 1275 1210 licae:
1305 1160 1423 1207 item
1448 1159 1498 1205 in
1527 1156 1658 1207 veste
1691 1154 1821 1205 Isaiae
1850 1159 2129 1227 Prophetae,

1142 1230 1225 1296 qui
1244 1226 1309 1279 est
1337 1230 1385 1276 in
1414 1245 1526 1278 arcu
1541 1263 1557 1288 ,
1593 1229 1642 1278 ὃς
1659 1228 1708 1274 in
1725 1224 1851 1277 veste
1868 1230 2028 1280 Sancti
2042 1233 2127 1282 Pe·

1140 1301 1235 1359 tri,
1260 1301 1342 1365 qui
1370 1296 1499 1350 estin
1516 1296 1738 1346 Tribuna
1763 1299 1940 1348 Sanstae
1960 1303 2129 1353 Mariae

1139 1368 1538 1436 Transtyberim:
1558 1368 1831 1438 pariterque
1852 1370 1900 1416 in
1922 1370 2132 1422 vestibus

1140 1443 1217 1492 SS.
1238 1434 1583 1509 Peti·i²3Jacobi
1597 1475 1614 1498 ,
1643 1439 1693 1490 &
1710 1438 1918 1488 Andreae
1945 1441 1994 1488 in
2011 1444 2126 1491 San-

1137 1512 1213 1562 ἑὶει
1235 1512 1394 1560 Maria
1417 1512 1597 1571 Nova,
1620 1526 1708 1557 nec
1725 1527 1822 1558 non
1852 1512 1900 1558 in
1921 1516 2128 1563 nonnul·

1138 1585 1196 1632 lis
1212 1579 1374 1649 figuris
1388 1581 1620 1633 Triclin-ii
1645 1580 1876 1632 Leoniani
1893 1581 2131 1649 aliquibus

1138 1651 1313 1701 additis
1332 1651 1546 1716 punstis:
1562 1649 1832 1698 ac-tandem
1850 1652 1899 1698 in
1919 1652 2129 1706 vestibus

1137 1719 1345 1768 duarum
1381 1718 1645 1766 mulierum
1685 1719 1735 1764 in
1767 1717 1978 1774 Ecclesia
2007 1725 2125 1774 San-

1132 1791 1217 1842 &ae
1238 1787 1419 1837 Sabinae
1435 1824 1446 1835 .
1486 1786 1650 1843 Literei
1668 1787 1718 1834 P.
1747 1786 2021 1861 insign-itam
2048 1798 2124 1849 vj-

1131 1860 1299 1910 demus
1322 1857 1506 1907 vestem
1539 1858 1699 1911 §anili
1716 1857 1853 1908 Pauli
1872 1863 1920 1908 in
1941 1862 2123 1915 Tubu,

1131 1949 1189 1979 na
1217 1926 1395 1977 Sanstae
1427 1929 1600 1982 Mariae
1630 1928 2036 1996 Transtyberim,
2068 1955 2125 1985 ac

1134 2002 1182 2048 in
1211 1996 1430 2047 Tribuna
1461 2000 1679 2050 Oratorii
1708 1999 1753 2046 S.
1772 2002 2003 2050 Venantii
2018 2040 2036 2063 ,
2073 2009 2125 2057 &

1135 2069 1336 2140 figuram
1365 2071 1410 2117 8.
1429 2069 1555 2118 Petri
1586 2070 1634 2117 in
1662 2085 1774 2118 arcu
1797 2072 1841 2118 S.
1862 2074 2050 2123 Marci.

1235 2143 1293 2189 In
1324 2136 1512 2187 fimbria
1538 2140 1670 2206 pallii
1696 2140 1854 2192 Sanffi
1887 2142 2121 2195 Anastafii

1131 2213 1180 2261 in
1211 2226 1326 2258 arcu
1360 2206 1637 2278 suprndstiae
1673 2209 1902 2260 Tribunae
1940 2216 1985 2262 S.
2020 2218 2121 2267 Ve-

1131 2281 1282 2330 nantii
1305 2281 1380 2328 hic
1410 2280 1649 2331 charafier
1680 2281 1750 2353 []
1784 2280 1999 2350 depicius
2023 2284 2117 2335 est.

1133 2351 1318 2402 Similia
1359 2348 1486 2419 figna
1524 2365 1787 2402 cernuntur
1823 2354 1873 2401 in
1908 2353 2117 2406 vestibus

1132 2421 1436 2490 Angelorum
1468 2421 1516 2469 in
1543 2419 1737 2491 praefato
1761 2441 1874 2473 arcu
1901 2423 2114 2475 Liberia·

1130 2511 1197 2543 nae
1226 2490 1460 2553 Bafilicae‚
1487 2511 1541 2540 ac
1567 2493 1716 2542 etiam
1742 2495 1791 2542 in
1818 2492 1948 2545 veste
1975 2499 2116 2548 unius

1130 2563 1310 2633 Angeli
1336 2564 1384 2611 in
1407 2562 1579 2613 eodem
1601 2581 1712 2612 arcu
1730 2600 1741 2612 .

1201 2637 1320 2684 haec
1338 2647 1450 2683 nota
1621 2633 1817 2683 videtur
1835 2653 1858 2682 a
1864 2633 2046 2703 ppofita
2062 2637 2110 2683 in

1128 2722 1188 2756 ve
1200 2703 1264 2753 ste
1282 2701 1435 2768 cujuss
1616 2703 1729 2753 dam
1746 2707 1929 2774 Figurae
1950 2701 2110 2775 praefa-

1126 2788 1183 2827 tae
1211 2772 1423 2823 Liberiao.
1616 2791 1686 2823 nae
1710 2775 1949 2839 Basilicae3
1976 2778 2027 2829 &
2051 2777 2107 2826 li-

1125 2860 1228 2897 tera
1252 2847 1315 2895 Z.
1342 2845 1392 2892 in
1420 2843 1674 2900 Hieremia
1703 2846 1938 2915 Propheta
1968 2849 2017 2895 in
2032 2864 2103 2895 ar-

1124 2935 1184 2966 cu
1212 2918 1258 2964 S.
1274 2915 1443 2964 Mariae
1470 2914 1841 2984 Transtyberim
1858 2953 1870 2966 .

1196 2984 1415 3036 Aderant
1445 2985 1497 3037 &
1518 2986 1568 3033 in
1588 2985 1806 3036 Tribuna
1836 2990 1879 3036 8.
1903 2985 2102 3053 Agathae

1123 3059 1173 3106 in
1202 3054 1411 3105 Suburra
1446 3073 1557 3105 cum
1580 3057 1770 3107 Christo
1802 3055 2097 3104 duodecim..-

1123 3125 1472 3197 Apostolorum
1502 3124 1662 3196 figurae
1680 3163 1698 3186 ,
1726 3143 1826 3192 quae
1860 3122 1997 3191 signis
2026 3127 2096 3174 di-

1121 3195 1265 3254 versis
1278 3196 1520 3268 inscriptas
1534 3198 1684 3248 vestes
1699 3193 2097 3313 habebant3CRri-

2045 3283 2096 3314 us
