2425 3747
712 223 1423 282 CAPUTIX.

136 298 256 349 Haec
288 293 437 348 ferme
472 296 579 346 sunt
601 329 618 353 ,
655 313 757 363 quae
787 299 1040 365 utrinque,

62 367 371 434 proferuntur
397 372 446 416 in
470 370 560 416 hoc
578 368 876 434 antiquitatis
895 371 1035 419 crite-

61 439 135 488 rio
147 474 164 497 ,
179 439 383 489 deduRa
401 433 558 506 potitis
574 438 600 486 a
615 438 897 500 conjesturis
914 441 1039 489 veri-

59 505 326 569 similibus,
352 511 494 576 quam
519 509 545 555 a
571 505 870 575 diligentiori
896 524 1034 560 vetu-

58 576 237 628 starum
263 579 437 628 aedium
452 576 677 646 indagine
694 615 704 628 .
733 578 932 630 Addere
954 580 1037 629 ad-

59 649 154 699 huc
179 651 396 699 valerent
427 648 674 717 postremae
702 647 943 701 sententiae
969 650 1034 699 as-

55 718 283 777 sertores,
301 721 532 788 plurimas
550 718 778 787 supareffe
802 720 1037 778 Basilicas,

57 789 117 839 de
143 807 349 856 quarum
377 788 699 858 antiquiffima
725 791 1036 845 construstio-

56 878 116 909 ne
136 861 466 912 controversia
487 861 618 909 nulla
634 860 729 919 est,
759 864 809 913 ὃ(
828 865 875 911 in
891 866 947 913 iis
968 860 1034 911 fe-

54 929 218 980 nestrae
244 950 476 990 numero,
501 932 552 982 &
570 934 893 1000 amplitudine
923 931 1032 983 insi-

53 1020 168 1071 gnes
186 1005 385 1070 reperiri
403 1040 413 1049 .

129 1075 399 1137 Attulimus
424 1072 563 1141 supra
591 1076 885 1142 exemplaria
909 1070 1035 1122 Basi-

50 1143 257 1191 licarum
273 1142 519 1192 Siciiiianae
529 1179 548 1200 ‚
560 1145 610 1193 δε
624 1146 680 1192 Se
688 1139 892 1194 fforianae
903 1181 920 1203 ,
935 1153 1039 1194 nece.

54 1229 151 1262 non
169 1211 379 1262 Basilicae
395 1216 512 1262 Divi
529 1214 662 1261 Pauli
678 1249 695 1271 ,
726 1232 827 1281 quae
844 1214 942 1263 sola
963 1213 1037 1261 su-

53 1300 137 1351 pra
153 1298 350 1333 centum
362 1285 414 1334 &
428 1285 603 1351 vig-inti
619 1280 839 1334 fenestras
864 1283 1035 1341 habet,

49 1353 385 1423 magnitudine
405 1372 499 1402 non
515 1354 779 1404 mediocres
793 1391 809 1414 ,
826 1369 881 1404 ut
897 1353 1034 1424 supra

50 1426 173 1491 Cap.
198 1444 238 1473 1.
254 1423 547 1475 ostendimus
562 1461 573 1471 .
596 1420 774 1475 Afferri
795 1424 871 1475 hic
885 1428 1034 1476 etiam

49 1492 233 1562 possent
268 1493 466 1544 aedificia
494 1493 788 1564 posteriora,
827 1515 1034 1566 nempe2

51 1563 251 1614 Basilica
267 1568 557 1636 SS.Joannis
591 1567 642 1617 &
662 1567 828 1626 Pauli,
864 1566 1032 1617 saeculo

49 1650 222 1703 quarto
243 1635 537 1694 consti-usta,
564 1650 618 1685 ut
634 1638 911 1688 Pancirolus
931 1657 1034 1686 nar-

50 1722 125 1755 rat
141 1743 151 1754 .
179 1703 380 1757 Constat
395 1708 490 1756 haec
506 1725 649 1774 opere
668 1709 881 1758 lateritio
899 1731 914 1764 ;
942 1707 1032 1757 sin-

48 1778 163 1845 gula
187 1778 316 1826 illius
348 1779 497 1827 latera
535 1775 796 1826 tresdecim
821 1771 1035 1823 fenestris

48 1857 313 1900 ornantur,
327 1864 533 1907 quatu-m
547 1846 756 1888 latitudo
776 1845 841 1893 est
853 1881 871 1899 ‚
893 1843 1037 1893 oculo

45 1916 208 1983 judice
222 1949 239 1971 ,
265 1912 540 1980 palmorum
555 1909 796 1977 quinque;
823 1909 1035 1957 altitudo

49 1986 169 2037 vero
200 1982 503 2049 sel'quidupla
530 2015 544 2027 .
583 1980 864 2046 Unicuique
899 1976 1034 2029 fene-

51 2057 151 2107 strae
177 2056 404 2101 imminet
429 2052 522 2099 alia
547 2049 868 2109 orbicularis,
904 2056 1037 2114 quus

51 2127 288 2176 diameter
315 2123 374 2172 ad
389 2123 600 2190 quinque
629 2123 821 2170 circiter
851 2122 1038 2190 palmos

51 2196 357 2250 extenditur:
381 2196 432 2244 &
448 2191 664 2256 ejusdem
690 2192 1039 2260 magnitudinis

49 2271 260 2338 quinque
289 2269 338 2314 in
355 2262 514 2313 fronte
542 2261 731 2311 aedificii
751 2263 975 2311 laxantur
992 2300 1004 2310 .

120 2335 331 2387 Ecclesia
355 2335 528 2384 itidem
546 2336 589 2382 S.
610 2331 792 2381 Sabinae
808 2332 892 2390 (de
907 2339 1039 2396 cujus

47 2412 335 2476 antiquitate
363 2402 557 2454 inferius
585 2400 897 2467 differemus)
926 2403 1038 2453 tres-

48 2482 213 2532 decim
230 2476 453 2529 fenestras
468 2474 660 2525 obtinet
673 2512 691 2534 ‚
718 2475 834 2523 latas
855 2476 1038 2542 palmos

50 2552 253 2609 decem,
292 2551 409 2597 altas
433 2549 611 2616 viginti
640 2569 654 2607 ;
695 2546 743 2592 in
767 2542 925 2594 fronte
954 2563 1038 2594 ve-

50 2623 106 2671 τὸ
126 2621 349 2670 fenestras
363 2619 576 2686 quinque
588 2652 605 2676 ,
633 2615 902 2665 altitudinis
918 2614 1037 2680 ejus-

51 2693 187 2747 dem,
216 2687 556 2742 &latitudinis
573 2724 583 2734 .
609 2685 691 2735 Ab
710 2687 797 2735 hac
815 2705 910 2736 non
927 2706 1035 2755 pro-

51 2765 129 2812 cul
158 2759 364 2811 Ecclesia
391 2763 435 2809 S.
459 2758 670 2806 Balbinae
701 2761 870 2821 (cujus
897 2772 1037 2808 vetu-s

47 2831 243 2884 stiffima
257 2833 471 2882 creditur
484 2826 783 2877 fundationis
797 2842 911 2893 etas,
929 2847 1039 2877 nam

49 2904 262 2968 eunden).
283 2904 331 2950 in
355 2900 698 2951 Architee‘tura
719 2897 879 2948 servat
905 2899 1037 2950 ordi-

51 2993 168 3025 nem
181 2992 294 3024 cum
310 2969 506 3021 Basilica
523 2967 782 3020 Sefforiana
800 2981 820 3034 )
850 2972 897 3018 in
920 2989 1037 3039 quo·

52 3044 174 3096 libet
203 3046 348 3093 latere
379 3041 461 3092 sex
491 3040 634 3090 habet
664 3038 886 3090 fenestras
921 3043 1036 3090 latas

57 3115 152 3185 pal.
169 3119 214 3165 8.
240 3115 355 3162 altas
385 3121 461 3164 16.
495 3109 591 3160 Sub
617 3109 798 3161 ei‘fdern
823 3108 1032 3162 fenestris

57 3198 285 3251 apparent
309 3200 508 3233 arcuum
532 3178 728 3249 vestigia
751 3181 811 3230 ad
833 3183 1029 3233 illorum

51 3252 449 3317 similitudinem,
477 3270 593 3321 quos
623 3249 844 3303 videmus
872 3255 922 3304 in
956 3271 1030 3305 ea-

127 3322 278 3376 ParJ.

1093 299 1204 348 dem
1227 296 1423 347 Basilica
1442 295 1698 348 Sefforiana
1721 333 1738 356 ,
1773 312 1827 348 ut
1846 253 2077 356 Tabulz71i5³

1094 370 1457 438 orthographica
1494 367 1578 417 sub
1609 387 1740 418 num.
1781 386 1826 431 5.
1865 369 2078 440 superius

1092 441 1235 488 allata
1264 437 1581 488 demonstrat.
1610 438 1818 490 Ecclesia
1853 445 1930 491 SS.
1962 445 2078 493 Cos-

1088 528 1175 558 mae
1201 512 1252 559 &
1273 511 1500 557 Damiani
1531 512 1741 578 quinque
1766 513 1987 581 ingentes
2006 511 2081 564 fe-

1089 580 1261 629 nestras
1288 578 1432 627 habet
1460 582 1508 627 in
1538 578 1686 639 facie,
1714 583 1809 651 pal.
1835 594 1910 634 16.
1931 584 2079 646 latas,

1091 652 1206 699 altas
1228 669 1245 698 1
1258 654 1301 699 8.
1321 650 1596 700 lateralibus
1612 666 1772 702 autem
1790 667 1946 713 caret,
1962 653 2076 704 curn

1090 718 1218 771 nova
1232 737 1484 769 murorum
1511 720 1741 770 strusturii
1766 726 1815 771 in
1835 724 2075 794 angustio-

1089 810 1193 842 rem
1219 787 1427 839 formam
1452 790 1642 840 redasta
1675 788 1732 841 sifi
1751 830 1762 840 .
1802 795 1963 843 Etiam
1987 813 2075 845 ex-

1088 878 1160 912 tra
1187 860 1378 917 Urbem
1413 860 1494 910 via
1512 861 1773 910 Tiburtina
1800 865 1904 913 vidi
1939 864 2078 916 semi-

1089 935 1301 984 dirutam
1320 929 1569 981 Basilicam
1595 937 1639 982 S.
1659 935 1976 1002 Simphorola’
1999 940 2079 993 (ut

1090 1005 1213 1053 fama
1228 1001 1359 1066 fert)
1387 1005 1505 1052 olim
1527 1004 1734 1053 dicatam
1749 1042 1766 1063 ,
1801 1012 1934 1069 cujus
1953 1004 2082 1057 fene-

1090 1075 1188 1125 strae
1210 1077 1259 1121 in
1273 1073 1582 1123 latitudinem
1596 1112 1613 1133 ,
1642 1077 1692 1125 &
1713 1076 2075 1144 longitudinem

1093 1143 1325 1212 insignem
1350 1144 1739 1193 extendebantur
1761 1183 1774 1192 .

1161 1216 1437 1264 Retulimus
1453 1213 1692 1273 fenestras,
1707 1233 1807 1282 quae
1829 1215 1983 1264 adhuc
2001 1216 2082 1265 ho-

1090 1286 1167 1335 die
1188 1282 1576 1353 conspiciuntur:
1597 1285 1943 1334 demolitarum
1965 1284 2083 1335 ver&

1087 1359 1287 1406 unicum
1314 1353 1399 1403 sub
1428 1357 1579 1404 oculis
1605 1358 1740 1406 venit
1769 1358 2048 1423 exemplum
2068 1393 2086 1416 ,

1087 1444 1260 1494 nempe
1298 1428 1502 1493 antiquae
1540 1430 1790 1476 Vaticanae
1829 1425 2037 1475 Basilicae
2068 1462 2086 1484 ,

1087 1498 1172 1547 ubi
1197 1496 1392 1547 fuerunt
1419 1494 1632 1546 fenestrae
1667 1498 1915 1566 oetoginta
1946 1497 2056 1545 οξὶο
2072 1531 2088 1556 ,

1088 1586 1292 1637 quarum
1312 1568 1659 1627 latitudinem,
1690 1570 1742 1621 &
1775 1567 2090 1617 altitudinem

1088 1637 1317 1690 describit
1334 1639 1637 1706 Alpharanus
1661 1640 1711 1687 in
1738 1638 1825 1688 suo
1849 1639 2089 1690 Trac‘izatu

1088 1713 1194 1754 MR
1227 1709 1290 1747 clo
1319 1710 1494 1746 eadum.
1526 1708 1721 1748 Rasilis-a
1790 1710 1955 1752 Plures
1986 1709 2090 1754 aiiae

1089 1769 1264 1820 similes
1292 1765 1510 1816 Ecclefiae
1542 1764 1700 1816 afferri
1732 1765 1953 1838 possent,
1987 1792 2090 1841 quae

1089 1839 1342 1890 brevitatis
1363 1834 1502 1886 causz'i
1529 1840 1827 1889 omittuntur
1846 1864 1861 1903 ;
1893 1843 2007 1893 cum
2028 1846 2087 1893 il-

1091 1912 1147 1958 lae
1159 1946 1175 1968 ,
1190 1926 1303 1975 quas
1322 1905 1562 1973 hucusque
1580 1909 1925 1977 congessimus,
1943 1913 2091 1963 abun·-

1091 1980 1150 2030 ἀὲ
1165 1975 1406 2027 sufficiant
1422 1978 1481 2027 ad
1500 1976 1859 2029 ostendendum
1871 1985 2092 2051 antiquas

1094 2047 1312 2100 Basilicas
1328 2045 1581 2099 abundaffe
1598 2046 1840 2110 fenestris,
1856 2049 2088 2104 formam-

1091 2140 1183 2190 que
1205 2122 1400 2169 illarum
1430 2134 1539 2170 ante
1568 2134 1789 2192 tempora
1809 2123 2087 2175 Constanti-

1092 2195 1142 2242 ni
1164 2188 1413 2259 incoepisse
1433 2228 1445 2238 .

1163 2263 1315 2312 Hunc
1345 2275 1509 2311 autem
1543 2259 1684 2310 usum
1720 2262 1941 2313 Basilicas
1975 2283 2084 2313 con-

1091 2332 1307 2381 struendi>
1343 2329 1657 2382 fenestrarum
1695 2351 1897 2385 numero
1935 2333 2085 2384 abun-

1093 2403 1288 2461 dantes,
1326 2420 1424 2452 non.
1452 2399 1608 2453 solum
1644 2408 1812 2454 Romae
1846 2403 2050 2474 viguisse
2068 2441 2086 2465 ,

1092 2472 1268 2523 veer
1288 2475 1437 2524 etiam
1454 2487 1587 2523 extra
1608 2477 1806 2524 Italiam
1820 2511 1837 2534 ,
1860 2494 1917 2525 ex
1936 2475 2084 2524 infra*

1091 2543 1269 2614 scripte'i
1297 2549 1340 2593 S.
1360 2547 1589 2612 Gregorii
1610 2544 1898 2596 Turonensis
1925 2564 2084 2594 narras

1092 2617 1223 2665 tione
1259 2612 1526 2684 probatur,
1563 2618 1644 2683 qui
1679 2614 1765 2665 lib.
1803 2635 1848 2664 2.
1875 2618 2087 2668 Historiae

1092 2687 1382 2743 Francorum,
1420 2683 1689 2736 describens
1717 2684 1924 2735 formam
1959 2702 2085 2737 tem-

1092 2759 1161 2826 pli
1181 2759 1378 2807 Turone
1403 2759 1430 2806 a
1444 2757 1685 2825 Perpetuo
1703 2755 1847 2825 ipsius
1865 2756 2085 2808 Ecclesiae

1095 2826 1330 2897 Episcopo
1357 2828 1484 2877 circa
1511 2846 1690 2877 annum
1724 2837 1795 2892 46
1799 2849 1843 2880 0.
1871 2828 2084 2879 constru-

1092 2899 1186 2958 ὁὶί,
1220 2901 1480 2955 Feneffras,
1512 2897 1667 2956 dixit,
1703 2903 1754 2947 in
1788 2900 1971 2950 Altario
1997 2903 2082 2947 tri·-

1085 2975 1215 3040 ginta
1229 2972 1334 3021 duas
1353 3006 1368 3028 ,
1394 2973 1449 3016 itt
1464 2970 1596 3039 Capfia
1615 2974 1828 3038 viginti,
1863 2973 2076 3021 columnas

1087 3060 1170 3105 41.
1188 3046 1238 3091 in
1255 3060 1342 3091 toto
1362 3038 1795 3109 aedificio,fi=nes‘lras
1818 3056 1899 3099 52.
1923 3040 2081 3086 colum-

1086 3130 1164 3161 nas
1202 3131 1315 3163 120.
1350 3112 1468 3163 oflia
1501 3113 1620 3169 οὲἶο,
1654 3116 1746 3160 tria
1773 3114 1824 3156 in
1861 3108 2077 3165 Altario‚

1084 3189 1270 3251 quinque
1293 3190 1341 3234 in
1377 3184 1536 3250 Capsb.
1565 3181 1704 3231 Idem
1732 3177 1993 3226 deducitur
2017 3195 2076 3226 ex

1085 3253 1290 3304 Eusebio
1323 3252 1626 3304 Constantini
1648 3250 1822 3316 Magni
1855 3261 2072 3296 contem·

1538 3320 1581 3365 K
1625 3334 1650 3364 2
1943 3334 2076 3385 pora-
