2425 3747
300 265 363 312 54

296 333 397 367 tam
417 317 611 366 invenio
626 352 642 374 ,
665 318 765 364 imo
783 334 868 364 nec
892 315 977 361 ulli
997 311 1147 379 aptari
1169 314 1272 379 pos-

293 386 340 438 se
374 402 574 436 autumo
596 424 606 433 .
648 392 774 436 Item
802 403 894 451 quo
924 382 1062 450 passo
1093 383 1274 432 Leones

296 460 501 509 Antonii
537 462 709 507 comites
749 455 846 502 dici
889 471 1099 521 unquam
1139 467 1273 521 pote-

292 540 436 578 runt?
465 529 711 595 Siquidem
734 525 804 570 illi
826 527 1016 593 proprie
1050 523 1276 572 dicuntur

292 601 527 655 comites,
564 599 643 662 qui
679 596 888 660 aliquem
919 609 1147 661 tanquam
1186 595 1272 644 du-

293 689 401 719 cem
417 667 705 734 sequuntur,
734 682 829 713 non
857 666 974 714 vero
995 669 1076 732 qui
1099 684 1274 732 praece-

293 740 445 795 dunt,
483 748 536 783 ut
561 735 680 784 disti
710 736 922 798 Leones3
957 738 1009 787 &
1045 735 1095 785 id
1130 739 1275 786 variis

289 809 568 859 Austorum
588 806 868 855 testimoniis
887 821 1021 873 patet
1037 843 1050 853 .
1088 809 1275 857 Valla...

290 880 473 944 inquit:
512 879 659 929 Comes
687 876 755 927 ess?
773 883 846 944 qui
852 880 1055 947 sequitur
1070 914 1086 936 ‚
1122 880 1178 927 &¹
1197 879 1275 927 du-

291 968 379 998 cem
396 948 547 997 habet.
579 953 707 996 Item
725 946 885 997 Labeo
911 956 964 1004 ff.
983 950 1038 998 Si
1058 952 1154 1015 quis
1174 950 1277 1000 Vir-

284 1025 411 1088 ginis
426 1017 472 1066 ff.
496 1021 569 1066 De
591 1019 775 1080 injuriis
790 1053 806 1074 ‚
843 1021 894 1068 &
923 1017 1112 1068 famosis
1134 1017 1276 1066 libel-

292 1091 374 1138 lis:
412 1093 621 1141 Comitem
644 1093 829 1155 accipere
845 1090 1044 1138 debemus
1062 1108 1182 1146 eum,
1203 1095 1278 1157 qui

286 1165 513 1208 'comitetur
528 1176 635 1214 eam,
647 1162 925 1225 &sequutum
945 1161 1098 1208 Plaut.
1119 1163 1273 1208 Merc.

286 1250 341 1290 7.
363 1239 448 1287 63.
476 1227 626 1296 Neque}
659 1246 836 1276 matrem
863 1232 1071 1300 illafhcis
1094 1231 1275 1281 honeste

289 1318 407 1350 tuam
420 1301 550 1366 sequi
570 1304 733 1362 poterit
751 1319 885 1348 comes
906 1338 916 1348 .
957 1302 1154 1350 Terent.
1176 1304 1273 1350 Eu-

288 1370 435 1417 nuch.
461 1386 506 1414 2.
532 1382 575 1425 3.
597 1386 676 1432 54.
714 1371 903 1419 Comites
910 1373 1085 1439 sequuti
1098 1373 1278 1439 scilicet

279 1442 391 1510 sunt
420 1443 677 1507 virginem.
718 1440 870 1489 Ovid.
909 1446 953 1490 8.
986 1445 1193 1489 Metam.
1230 1453 1275 1497 5.

291 1509 436 1579 Terga
443 1511 670 1578 fi’quentes
688 1515 859 1559 comites
878 1546 888 1557 .
930 1509 1080 1562 Unde
1115 1526 1279 1556 comes

287 1580 352 1627 ab
369 1581 544 1628 eodem
570 1580 792 1628 Labeone
813 1578 875 1628 fic
902 1579 1153 1628 definitur:
1177 1578 1282 1654 Qi

280 1648 602 1719 frequentandi
624 1652 819 1718 cujusque
843 1652 965 1717 causti
980 1685 995 1706 ,
1022 1667 1070 1699 ut
1085 1651 1283 1716 sequere-

292 1737 367 1768 tur
392 1721 641 1767 des'Zinaeus
657 1753 672 1773 ‚
711 1724 759 1763 in
779 1721 953 1780 publico
970 1726 1282 1783 privatoque„

289 1784 657 1851 abduffusfiterit
673 1819 683 1830 .

368 1855 507 1905 Idem
527 1873 588 1904 ex
608 1856 837 1902 orationis
861 1868 1093 1905 contextu
1119 1857 1283 1925 aperte

291 1928 474 1994 liquet:
516 1941 629 1971 nam
659 1923 852 1970 Tullius
882 1924 1058 1972 merito
1089 1926 1284 1972 Lenones

289 1997 517 2045 nominat
534 2011 611 2042 eos
626 2028 640 2048 ,
661 1993 742 2059 qui
763 1995 836 2039 Μ.
861 1995 1137 2040 Antonium
1162 1995 1188 2040 a
1207 2009 1279 2040 re--

287 2067 375 2137 gia
390 2065 584 2111 virtutis
615 2064 694 2109 via
712 2060 995 2110 avertebant
1016 2099 1025 2109 .
1067 2062 1159 2111 Sed
1177 2063 1281 2127 qui-

297 2152 411 2185 nam
433 2131 502 2180 isti
525 2145 539 2179 ?
577 2133 816 2183 Anaxenor
835 2133 1107 2183 Citharoedus
1126 2169 1141 2189 ,
1174 2129 1278 2181 Xu-

299 2208 399 2256 thus
415 2202 594 2254 Tibicen
610 2239 624 2259 ,
641 2202 919 2252 Metrodorus
939 2204 1118 2253 Histrio
1134 2239 1149 2260 ,
1165 2204 1277 2253 Cho-

299 2296 351 2325 ru
373 2294 447 2340 que
478 2279 610 2322 totius
637 2273 806 2341 Astanae
835 2272 1061 2342 Mustces3
1097 2274 1278 2341 Sergius

301 2345 476 2397 Mimus
488 2379 503 2401 ,
539 2345 745 2410 Cytharis
764 2343 937 2412 quidelm
956 2344 1172 2394 ex-eadem
1192 2344 1278 2393 Pa-

302 2417 446 2468 leffra
473 2416 763 2463 mulierculam
797 2432 943 2463 amans
968 2437 985 2476 3
1020 2433 1068 2462 ac
1098 2416 1280 2482 denique

302 2488 449 2536 Scorti
474 2521 490 2541 ,
529 2487 584 2534 ὠ*
622 2483 795 2542 Mimi,
832 2485 981 2553 quibus
1009 2485 1280 2555 undequaque

304 2555 576 2622 stipantibus
609 2558 966 2612 circumvallatus
996 2558 1150 2623 ubique
1177 2573 1280 2623 pro-

302 2627 578 2694 grediebatur
599 2661 609 2670 .

378 2701 493 2746 Mea
527 2695 621 2742 haec
659 2696 929 2760 coiijefftura
968 2695 1150 2745 duabus
1181 2700 1283 2747 aliis

307 2762 503 2813 fulcitur
523 2801 534 2810 .
574 2766 687 2817 Una
716 2765 781 2814 est
803 2803 818 2823 ‚
855 2766 982 2832 quod
1007 2765 1041 2814 fi
1075 2771 1148 2815 M.
1178 2771 1279 2817 An-

309 2838 463 2883 tonius
495 2834 655 2882 secum
686 2834 888 2885 duxisset
919 2838 967 2883 in
998 2840 1281 2906 triumphali

308 2923 451 2953 curru
483 2906 691 2955 Mimam
724 2906 1075 2973 Cytheridem,
1113 2911 1281 2976 procul

308 2973 457 3023 dubio
477 2972 679 3023 duxisset
696 2978 841 3023 etiam
859 2978 1169 3045 Cleopatram
1184 2983 1280 3028 Re-

309 3047 501 3114 ginam,
519 3062 661 3112 quam
680 3045 863 3112 perdite
879 3047 1155 3106 adamabat,
1174 3048 1283 3098 cum

312 3116 614 3183 triumphum
628 3115 937 3164 Alexandriae
956 3118 1013 3167 de
1034 3123 1165 3186 Rege
1181 3123 1278 3168 Ar-

312 3189 478 3234 meniae
506 3183 802 3243 celebravit,
835 3187 978 3255 idque
1008 3191 1181 3237 minori
1212 3189 1282 3237 fa-

313 3274 399 3306 mae
424 3254 672 3326 dispendio
690 3253 851 3326 egisset
867 3295 877 3305 .
917 3259 1086 3308 Altera
1105 3294 1122 3316 ,
1153 3260 1281 3327 quod

694 240 1125 298 VETERA
1175 204 1901 296 'MONIMENTA

1330 314 1501 364 Cicero
1547 320 1621 364 M.
1661 318 1876 365 Antonio
1928 310 2256 364 infenfiffimus
2279 350 2295 372 ,

1327 386 1611 435 Orationem
1625 384 1758 435 suam
1777 381 2040 455 ampliasset
2053 422 2069 443 ,
2085 405 2136 433 ac
2157 385 2307 435 infan-

1329 453 1447 501 dum
1475 454 1662 505 dixisset
1684 493 1700 516 ,
1737 458 1866 524 quod
1898 453 2008 503 curn
2036 457 2307 524 triumpha-

1328 537 1399 572 ret
1417 560 1433 581 ,
1472 523 1747 583 severioris,
1773 524 2087 593 militarisque
2110 529 2308 575 virtutis

1329 596 1505 643 oblitus
1530 632 1546 653 ,
1582 616 1634 644 ac
1672 596 1987 654 mulierosus,
2027 599 2312 646 meretricu-

1330 668 1427 713 lam
1447 663 1532 712 fibi
1553 668 1784 734 triumphi
1807 665 1982 715 sociam
2003 665 2310 717 adscisceret.

1330 739 1434 784 Nec
1458 738 1747 786 Ciceronem
1763 735 1981 785 facinoris
2000 739 2219 806 ignarum
2236 737 2314 786 di-

1329 826 1429 863 cas,
1445 804 1554 853 cum
1575 807 1623 855 id
1639 809 1819 875 populo
1839 804 2132 874 inspe6³mnte
2151 809 2316 858 astum

1332 875 1505 926 suerit:
1543 878 1670 925 unde
1698 877 1732 926 si
1764 897 1816 927 ea
1848 892 1948 924 tam
1967 879 2181 945 graviter
2213 896 2317 925 am-

1333 945 1598 1016 plificavit,
1624 966 1723 1013 quae
1746 967 1830 1015 per
1850 949 2046 998 Italiam
2068 949 2320 996 Antonius

1330 1015 1494 1086 gessit,
1533 1017 1763 1084 quidnam
1796 1018 1855 1066 de
1884 1015 2022 1085 gestis
2052 1017 2110 1065 ab
2142 1016 2319 1066 eodem

1331 1092 1379 1137 in
1422 1087 1560 1141 Urbe
1599 1084 1844 1155 scripsisset
1872 1098 1888 1133 ?
1926 1087 2214 1136 Notandum
2254 1084 2320 1136 est

1329 1161 1512 1216 etiam,
1550 1160 1844 1227 praecitatam
1881 1159 2141 1224 equitantis
2173 1159 2323 1225 Figu-

1328 1249 1432 1278 ram
1456 1228 1668 1297 stapedes
1694 1247 1790 1277 non
1813 1228 1985 1278 habere
2001 1263 2017 1286 ,
2048 1228 2220 1295 quibus
2236 1244 2325 1276 an-

1330 1303 1455 1368 tiqui
1479 1298 1706 1349 carebant
1727 1337 1738 1346 .

1401 1369 1619 1418 Secunda
1637 1368 1812 1435 Figura
1830 1365 1937 1416 satis
1954 1370 2080 1416 clara
2098 1369 2193 1426 est,
2210 1365 2324 1416 cum

1331 1438 1537 1504 duplicis
1574 1451 1689 1485 rotae
1732 1438 2014 1487 vehiculum
2052 1441 2078 1487 a
2117 1438 2326 1508 geminis

1334 1506 1556 1555 mulabus
1587 1507 1797 1556 trafium
1832 1507 2050 1558 ostendat
2084 1545 2094 1555 .
2135 1507 2326 1573 Qales

1337 1592 1500 1626 autem
1526 1579 1637 1625 huic
1660 1578 1885 1625 vehiculo
1913 1594 2089 1624 nomen
2110 1576 2328 1625 tribuen-

1337 1648 1455 1697 dum
1478 1646 1536 1695 fit
1560 1647 1755 1715 ambigo
1776 1682 1792 1703 ,
1830 1644 1941 1693 cum
1962 1647 2224 1712 Scriptores
2240 1664 2326 1693 va-

1338 1721 1407 1764 ria
1437 1716 1654 1769 curribus
1688 1715 1955 1764 indiderint
1981 1752 1997 1774 ,
2038 1713 2138 1766 five
2171 1718 2197 1765 a
2227 1712 2326 1764 for-

1337 1806 1416 1835 ma
1431 1823 1448 1845 ,
1469 1785 1568 1835 five
1588 1790 1736 1836 etiam
1757 1784 1814 1833 ab
1833 1784 1941 1853 ipsis
1968 1787 2324 1835 inventorum-2

1337 1857 1617 1906 nominibus
1654 1893 1665 1903 .
1714 1861 1788 1906 De
1834 1856 2090 1906 vehiculis
2140 1856 2328 1924 copiose

1336 1924 1522 1988 scripsit
1551 1928 1758 1991 joannes
1792 1924 2110 1983 Laurentius,
2148 1945 2201 1973 ac
2238 1944 2326 1992 po-

1334 1989 1731 2059 stremoJoannes
1749 1990 2012 2043 Schefferus
2031 2031 2041 2042 .

1405 2061 1541 2111 Serio
1571 2076 1732 2110 tamen
1763 2062 2071 2129 opinionibus
2101 2066 2223 2113 meis
2255 2066 2326 2111 in-

1333 2131 1582 2191 haerendo,
1613 2133 1848 2181 videlicet
1869 2133 1998 2200 quod
2021 2136 2206 2203 Figurae
2235 2137 2328 2186 in-2.

1334 2203 1419 2252 hac
1453 2203 1644 2256 Tabula
1675 2198 1895 2271 expressae
1916 2208 1990 2253 Μ.
2014 2206 2221 2254 Antonii
2251 2205 2327 2254 hi·-

1332 2274 1527 2323 storiam
1549 2274 1815 2332 denotent,
1850 2273 1975 2323 addo
1990 2310 2007 2332 ,
2039 2276 2326 2324 vehiculum

1331 2344 1658 2413 supradicstum
1673 2340 1894 2393 Essedum
1911 2344 2327 2394 denominandum

1333 2414 1421 2467 esse
1443 2453 1459 2475 ‚
1496 2417 1555 2465 de
1589 2433 1684 2481 quo
1711 2416 1887 2463 Cicero
1923 2416 1973 2461 in
2005 2415 2180 2464 eodem
2214 2417 2323 2464 loco

1333 2489 1607 2555 Philippicae
1626 2484 1839 2533 secundae
1859 2484 2108 2553 redarguit
2124 2489 2198 2534 M.
2218 2489 2324 2533 An—

1335 2561 1526 2608 tonium
1554 2553 1711 2604 verbis
1738 2555 1876 2622 supra
1903 2557 2067 2604 relatis
2084 2593 2093 2602 .
2134 2555 2322 2604 Ponde-

1337 2642 1409 2677 rat
1449 2629 1573 2675 hunc
1611 2627 1775 2673 locum
1806 2627 2027 2674 laudatus
2059 2623 2323 2674 Schefferus

1336 2699 1419 2748 lib.
1442 2716 1486 2744 2.
1510 2716 1550 2744 c.
1569 2712 1612 2756 5.
1629 2697 1678 2746 &
1699 2694 1877 2745 nescire
1896 2694 1940 2744 se
1957 2699 2056 2753 ait,
2076 2713 2159 2743 cur
2175 2693 2324 2743 istius-

1334 2769 1466 2817 modi
1482 2764 1640 2814 curras
1656 2764 1793 2815 usum
1811 2768 1985 2815 Cicero
2003 2764 2203 2826 objiciat
2218 2768 2324 2813 An-

1335 2840 1467 2888 tonio
1485 2872 1495 2883 .
1534 2838 1654 2888 Num
1680 2839 1792 2906 quod
1814 2838 1911 2907 effer
1929 2842 2207 2905 peregrinum
2234 2856 2321 2885 ‘ve-

1335 2911 1520 2959 hiculum
1541 2945 1557 2966 ,
1597 2917 1725 2977 neque
1745 2908 2073 2976 Magistratum
2099 2907 2321 2973 publicum

1335 2981 1519 3029 deceret?
1557 2980 1633 3030 An
1651 2979 1763 3048 quod
1776 2982 1925 3029 ‘vilius
1940 2979 2164 3029 haberetur
2182 2976 2197 3024 ἔ
2218 2977 2318 3025 Cui

1335 3068 1422 3118 ego
1440 3052 1600 3116 paucis
1621 3045 1908 3099 satisfaciam
1927 3086 1937 3097 .

1414 3116 1636 3168 Effedum
1662 3121 1872 3170 vehiculi
1899 3136 2048 3188 genus
2077 3130 2180 3166 erat
2211 3127 2318 3163 tum

1338 3189 1462 3259 apud
1482 3192 1727 3240 Britannos
1740 3228 1756 3248 ,
1775 3205 1879 3237 tum
1900 3187 2026 3256 apud
2040 3189 2210 3236 Gallos
2226 3183 2317 3233 usi-

1344 3257 1622 3310 tatiffimum
1636 3297 1652 3319 ,
1669 3261 1962 3327 duarumque
1982 3257 2319 3335 specierumfs

2182 3342 2321 3374 unlus
