2425 3747
101 282 192 333 que
226 264 372 311 etiarn
393 275 452 306 ex
474 251 645 302 hedera
662 281 679 305 ,
706 246 787 295 vel
814 246 946 292 lauro
965 277 981 299 ‚
1017 255 1070 289 ut

100 333 296 384 tradunt
323 328 510 378 Gellius
525 321 660 379 lib-5.
679 323 832 385 cap.6.
850 315 968 362 Plin.
983 312 1067 361 lib.

103 423 133 467 ,2
145 423 190 452 2.
207 421 306 470 cap.
328 415 370 458 3.
388 400 437 449 &
453 414 499 458 4.
522 394 639 441 Haec
658 388 804 436 militi
829 386 899 433 illi
927 382 1069 432 daba-

103 489 214 531 tur,
251 473 332 539 qui
359 470 535 518 Civem
566 465 840 510 Romanum
873 457 921 503 in
943 454 1069 503 bello

104 540 358 596 servasset,
395 535 449 586 eei
482 535 584 601 lege
612 543 666 579 ut
690 530 828 580 Civis
857 524 952 595 ipse
981 522 1072 573 ser·

105 627 244 664 vatus
259 609 303 659 se
321 607 379 657 ab
398 607 482 655 illo
498 601 739 652 servatum
768 597 1076 654 asseveraret;

105 682 255 751 neque)
276 681 415 728 aliter
443 674 676 729 dabatur,
711 668 747 718 fi
775 685 1079 736 quenquam-2

106 755 256 801 alium
283 746 588 817 quantumvis
620 746 803 808 Regem
832 733 1077 788 servasset.

108 827 301 873 Corona
337 818 536 871 Muralis
572 832 629 863 ex
665 829 780 860 auro
827 805 1078 876 aliquando

107 906 238 951 erat,
264 893 313 941 ὃς
333 892 380 938 in
402 891 654 957 pinnarum
672 881 875 951 speciem
903 876 1081 927 confla-

107 978 156 1013 ta
183 998 199 1021 ,
236 976 291 1010 ut
315 958 485 1010 visitur
518 959 567 1004 in
583 957 697 1022 ‘Fig.
725 972 775 1013 9.
814 946 1080 1013 Hujusmo-

107 1034 157 1083 di
178 1031 354 1082 corona
380 1028 438 1078 ab
457 1033 751 1095 Imperatore
772 1018 1083 1071 decorabatur

108 1105 190 1171 qui
211 1105 390 1171 primus
409 1097 593 1148 hostiles
613 1111 772 1143 muros
797 1083 1083 1141 ascendilset.

111 1172 305 1224 Coronat
328 1173 499 1223 Vallari
513 1204 529 1226 ,
547 1164 627 1215 seu
653 1163 889 1232 Castrensz}
909 1178 1008 1226 quae
1027 1174 1086 1206 ex

111 1261 226 1292 auro
246 1240 515 1295 constabat,
532 1249 585 1284 ut
610 1237 657 1282 in
676 1236 775 1300 Fig.
806 1253 822 1281 1
836 1254 880 1282 0.
904 1232 983 1278 ille
1002 1230 1084 1276 ho-

112 1312 370 1364 norabatur
386 1347 401 1368 ,
427 1310 509 1376 qui
540 1307 668 1375 prior
689 1306 736 1353 in
759 1301 962 1352 hostium
983 1299 1083 1347 val-

111 1387 213 1434 lum
230 1420 247 1442 ,
275 1384 325 1433 &
345 1378 489 1429 castra
510 1370 746 1444 irrupisset
762 1410 772 1422 .
800 1373 1055 1425 Rofiratam
1070 1404 1086 1426 ,

111 1454 209 1505 five
225 1453 452 1506 Navalem
469 1486 484 1509 ,
502 1466 602 1516 quae
624 1445 763 1494 instar
784 1445 984 1492 navium
1011 1459 1085 1489 ro-

109 1524 191 1574 stri
211 1528 385 1573 itidem
412 1540 468 1572 ex
497 1536 610 1567 auro
637 1513 1009 1569 efformabatur,
1033 1524 1087 1559 ut

114 1597 164 1643 in
178 1598 279 1663 Fig.
305 1614 323 1642 1
340 1613 400 1650 1.,
430 1593 510 1640 ille
530 1585 803 1643 obtinebat,
829 1586 909 1653 qui
929 1583 1089 1630 navali

113 1666 375 1715 certamine
401 1663 581 1730 primus
603 1659 651 1704 in
672 1655 878 1705 hostium
893 1668 1088 1701 ratem„

114 1731 359 1784 infiluiffet
376 1769 386 1779 .
416 1731 608 1782 Ovalem
626 1727 734 1784 ille,
761 1725 842 1792 qui
863 1720 996 1791 parta
1019 1722 1090 1770 vi-

114 1805 268 1856 &oria
297 1801 487 1857 Urbem
519 1816 668 1848 ovans
698 1793 1057 1863 ingrediebatur
1076 1827 1092 1850 ,

115 1879 166 1929 ἃ
184 1876 279 1923 haec
301 1883 495 1939 myrtea
514 1880 614 1917 erat
629 1902 645 1923 ,
671 1880 726 1912 ut
746 1868 792 1912 in
811 1866 910 1931 Fig.
930 1882 975 1921 7.
997 1866 1093 1910 Co·

119 1963 237 1996 rona
255 1942 551 2012 Obstdionalis
579 1936 635 1985 ab
662 1936 747 1992 iis,
778 1935 859 2001 qui
889 1929 1096 1981 obsidio-

120 2034 180 2066 ne
207 2013 429 2064 liberatos
449 2009 493 2059 se
511 2007 774 2057 faterentur
789 2039 805 2062 ,
829 2004 955 2052 Duci
976 2000 1096 2050 libe-

120 2087 270 2136 ratori
299 2078 615 2138 offerebatur3
641 2077 691 2126 &
717 2073 860 2123 fiebat
877 2076 901 2122 ὲ
921 2072 1096 2142 grami-

123 2176 184 2207 ne
210 2160 299 2213 (ut
319 2155 367 2201 in
381 2154 482 2220 Fig.
497 2155 578 2212 8.)
598 2144 726 2214 quod
747 2147 794 2192 in
813 2162 870 2193 eo
893 2145 999 2193 loco
1023 2158 1099 2191 or-

123 2243 230 2276 tum
246 2220 384 2280 esset,
400 2223 522 2269 intra
541 2235 685 2285 quem
703 2211 849 2263 claufi
867 2226 1000 2262 erant
1018 2213 1098 2278 qui

123 2294 492 2349 obsidebantur.
536 2294 748 2340 Demum
779 2283 1100 2350 Triumphalem

124 2382 352 2418 coronam
368 2368 482 2413 Dux
509 2357 813 2413 lucrabatur,
834 2356 917 2421 qui
944 2351 1103 2402 sedata*-

126 2433 383 2487 Provincia
398 2469 414 2492 ‚
454 2429 686 2496 victisque
711 2423 918 2475 hostibus
935 2460 952 2482 ‚
978 2423 1101 2471 Tar-

128 2512 283 2578 pejam
304 2521 461 2553 arcem
475 2501 775 2567 triumphans
801 2493 1074 2544 ascenderet
1089 2529 1100 2541 .

128 2581 247 2629 Haec
268 2572 394 2645 prius
412 2590 471 2622 ex
487 2582 655 2637 myrto
670 2605 686 2626 ,
719 2566 894 2616 deinde
923 2583 983 2615 ex
1002 2565 1101 2612 lau-

129 2668 185 2699 ro
207 2651 298 2705 (ut
323 2647 371 2692 in
390 2645 489 2712 Fig.
508 2661 555 2705 4.
574 2651 595 2703 )
624 2638 857 2707 postremo
878 2654 938 2685 ex
958 2651 1072 2684 auro
1086 2669 1104 2691 ‚

130 2713 429 2789 gemmisque
456 2708 672 2762 confecta
694 2707 788 2756 fuit
809 2744 826 2766 ,
863 2720 917 2756 ut
946 2703 1106 2754 infra...

134 2787 316 2859 patebit
332 2823 344 2833 .
381 2786 569 2833 Primus
591 2781 842 2836 omnium,
873 2774 989 2826 teste
1017 2777 1110 2824 Pli-

133 2863 215 2910 nio
241 2857 325 2907 lib.
337 2876 355 2904 1
370 2871 413 2917 5.
430 2871 642 2922 cap.29.,
665 2851 745 2919 qui
763 2846 960 2916 myrtea
977 2864 1109 2896 coro-

135 2929 196 2979 nz‘i
218 2928 400 2979 cinctus
416 2924 606 2978 Urbem
627 2939 773 2971 ovans
792 2914 1013 2987 ingressus
1032 2915 1106 2974 fit,

132 2998 433 3050 Posthumius
447 2992 692 3042 Tubertus
711 2989 821 3049 fuit,
837 2989 1009 3038 Sabino
1029 3006 1106 3055 ge-

137 3088 248 3120 nere
262 3082 423 3117 natus:
440 3063 615 3114 deinde
639 3065 711 3110 M.
727 3056 912 3112 Craffus
931 3058 1103 3107 abhor-

140 3158 243 3189 rens
275 3143 300 3189 ὲ
325 3132 518 3205 myrtea
534 3170 551 3192 ,
570 3128 728 3182 laurea
745 3143 999 3181 coronatus
1034 3130 1105 3177 in-

142 3207 273 3261 ceffit
288 3244 304 3269 ‚
320 3208 514 3273 austere
530 3203 696 3259 Gellio
712 3201 848 3264 lib.5.
865 3206 1019 3271 capff.

836 158 1493 225 APUTXIV·

2006 166 2103 207 109

1197 232 1322 290 Usus
1352 240 1640 281 coronarum
1664 217 1834 268 senfim
1863 216 1982 266 adeo
2015 236 2095 266 ex-

1123 308 1278 357 crevit
1297 341 1314 363 ,
1350 318 1404 351 ut
1440 296 1606 366 primis
1635 286 1848 340 Ecclefiae
1875 289 2100 335 nascentis

1120 378 1296 427 saeculis
1310 377 1358 421 in
1377 365 1688 433 PrimigenIOS
1707 364 1855 411 etiam
1877 356 2102 409 Christia-

1125 467 1207 498 nos
1233 443 1549 513 perrepserit,
1578 436 1660 504 qui
1690 434 1834 483 variis
1866 429 2101 479 lestorum

1125 519 1304 569 florum
1331 551 1347 572 ,
1397 517 1447 564 ὃς
1483 508 1731 558 frondium
1761 539 1778 562 ,
1827 496 2102 566 aureisque2

1128 590 1274 638 etiam
1290 622 1305 643 ,
1333 603 1383 632 ac
1403 580 1656 653 gemmatis
1674 576 1860 625 coronis
1880 586 2103 640 perorna-

1131 658 1331 716 bantur,
1355 673 1470 722 quos
1494 649 1592 699 fuse
1607 684 1623 705 ,
1650 648 1700 697 δε
1718 644 1933 712 religiose}
1956 643 2105 688 incre-

1133 741 1211 797 pat
1227 763 1243 785 ,
1270 722 1669 792 reprehenditque
1688 715 2017 766 Tertullianus
2037 708 2107 758 De

1132 802 1294 852 Corona
1310 796 1464 848 Milit.
1481 810 1582 859 cap.
1609 806 1685 851 14.
1713 788 1782 834 his
1798 782 1956 833 verbis
1974 802 1985 830 :
2023 780 2107 831 Vir

1134 869 1323 939 Ecclqfiae
1356 867 1561 921 Christus
1577 860 1718 927 c'Jefits
1736 858 1856 926 quale
1867 873 1934 902 oro
1942 856 2109 924 firtum

1127 958 1206 1008 pro
1224 957 1398 1007 utroque
1411 940 1525 1006 sbxu
1532 931 1709 1003 subiit?
1735 929 1943 996 exspinis
1962 926 2109 990 opinor

1135 1015 1189 1061 Θ
1214 1009 1392 1060 tribulis
1418 1014 1467 1057 in
1484 1007 1680 1074 figuram
1706 999 1958 1049 delihiorum
1975 1031 1991 1052 ‚
2027 1011 2111 1060 quae

1138 1080 1257 1129 nobis
1277 1083 1462 1146 protulit
1488 1092 1604 1123 terra
1628 1075 1798 1126 carnis,
1829 1067 2017 1117 abft'ulic
2034 1080 2109 1110 au·-

1137 1171 1222 1203 tem
1241 1156 1394 1200 ‘virtus
1415 1150 1565 1201 Crucis
1578 1181 1594 1201 ,
1617 1161 1781 1191 omnem
1800 1141 1986 1188 aculeum
2006 1151 2113 1183 mor-

1137 1230 1199 1274 tis
1218 1227 1265 1270 in
1283 1221 1509 1271 Dominici
1527 1218 1682 1281 capitis
1699 1212 1933 1260 tolerantia
1957 1205 2111 1255 obtun-

1138 1296 1241 1344 dens
1259 1328 1269 1337 .
1298 1294 1421 1343 Certe}
1433 1302 1589 1357 praeter
1602 1287 1796 1352 figuram
1810 1315 1826 1336 ,
1864 1277 2118 1327 contumelia

1138 1370 1185 1415 in
1205 1377 1400 1430 promptu
1430 1363 1498 1411 ef?
1512 1394 1528 1414 ‚
1556 1361 1611 1407 ὠ·
1631 1352 1848 1419 turpitudo
1865 1384 1881 1405 ‚
1908 1352 1963 1397 (J
1991 1344 2118 1394 dede·

1137 1440 1294 1487 coratio
1324 1469 1338 1490 ,
1374 1436 1429 1482 (T
1453 1434 1523 1480 his
1555 1428 1747 1490 implexa
1766 1423 1954 1488 saevitia
1986 1451 2001 1474 ,
2038 1433 2121 1483 que

1141 1527 1241 1558 tunc
1258 1506 1443 1556 Domini
1461 1514 1647 1565 tempora
1669 1493 2021 1563 &fedaverant
2035 1522 2051 1544 ‚
2067 1488 2121 1534 (ἕν’

1142 1583 1484 1630 lancinaverunt
1505 1591 1516 1618 :
1549 1586 1597 1618 ut
1618 1585 1666 1617 tu
1691 1585 1800 1615 nunc
1820 1571 1875 1612 (Τ
1886 1563 2004 1610 lauro
2023 1593 2039 1614 ‚
2068 1560 2123 1605 &⁶

1143 1668 1310 1719 myrto,
1337 1650 1393 1693 (5
1414 1646 1530 1695 olea,
1560 1643 1615 1686 (5
1633 1639 1809 1685 illus‘Zri
1831 1636 1978 1692 aliqua
1987 1625 2121 1694 fron-

1143 1720 1195 1768 de
1211 1754 1227 1775 ,
1258 1718 1312 1765 δ’
1333 1713 1445 1781 quod
1459 1711 1599 1776 magis
1623 1707 1717 1774 usui
1736 1704 1809 1753 eff
1821 1736 1838 1757 ‚
1863 1700 2125 1748 centenariis

1145 1791 1299 1859 quoqu&
1330 1785 1433 1852 rosis
1465 1784 1516 1831 de
1544 1781 1664 1828 horto
1696 1773 1839 1825 Mia'ae
1869 1770 1995 1820 leHis
2015 1802 2032 1825 ,
2068 1768 2124 1815 (θ’

1146 1861 1338 1926 utrisque
1364 1855 1481 1902 liliis
1507 1886 1522 1907 ,
1552 1852 1606 1897 (β’
1639 1844 1832 1895 omnibus
1849 1844 1991 1892 violis
2010 1855 2123 1886 coro-

1149 1933 1286 1981 neris,
1308 1939 1348 1973 et
1359 1926 1447 1971 iam
1461 1913 1840 1989 gemmisfirfitan
1860 1915 1916 1960 (J
1935 1927 2060 1963 auro,
2078 1921 2126 1955 un

1149 2003 1203 2049 &¹
1228 2000 1350 2047 illam
1364 1993 1542 2045 Christi
1562 2004 1753 2037 coronam
1767 1983 1974 2033 aemuleris
1992 2014 2007 2035 ,
2044 1993 2128 2042 quae

1153 2071 1304 2136 posslea
1321 2071 1360 2114 ei
1378 2064 1579 2118 obvenit,
1596 2062 1696 2127 quia
1712 2052 1919 2122 &fhvos
1928 2042 2129 2116 poflfl’l-

1150 2143 1195 2189 la
1203 2139 1447 2207 gustavim
1475 2151 1547 2182 nec
1571 2146 1671 2177 ante
1690 2128 1793 2179 Rex
1812 2122 1972 2172 Gloriae
1993 2124 2019 2168 ἃ
2042 2118 2129 2167 Cae-

1152 2208 1332 2260 leflibus
1348 2206 1568 2273 salutatus
1602 2199 1671 2248 efc'
1694 2232 1710 2254 ,
1746 2199 1871 2265 quam
1898 2193 2000 2243 Rex
2031 2186 2131 2253 ‘Ju-

1152 2281 1328 2329 daeorum
1347 2275 1603 2342 proscriptus
1618 2270 1748 2320 Cruci
1763 2288 1776 2327 3
1792 2267 2030 2313 minoratus
2036 2257 2131 2321 pri-

1155 2357 1218 2400 mo
1239 2350 1404 2400 aPAtre
1422 2345 1631 2393 modicum
1651 2338 1761 2406 quid
1773 2341 1884 2384 citra
1908 2329 2101 2398 Angelos
2114 2357 2130 2380 ,

1154 2425 1208 2470 ὼ·
1237 2426 1300 2468 ita
1308 2420 1450 2486 gloria
1473 2419 1527 2465 (Υ
1548 2414 1702 2462 honore
1727 2419 1946 2456 coronatus
1957 2429 1972 2447 >.
2006 2399 2062 2449 Si
2079 2393 2129 2442 ob

1155 2493 1237 2540 haec
1263 2504 1385 2553 caput
1414 2490 1453 2534 ei
1480 2501 1598 2533 tuum
1620 2478 1742 2529 debes
1757 2514 1773 2536 ,
1802 2477 1889 2524 cale
1901 2472 1946 2540 fi
1953 2485 2071 2536 potes
2091 2467 2131 2513 εἰ

1153 2560 1356 2626 repende,
1390 2557 1507 2624 quale
1519 2556 1642 2622 suum
1660 2565 1739 2617 pro
1757 2565 1828 2597 tuo
1847 2543 2030 2592 obtulit:
2059 2549 2133 2583 aut

1158 2651 1231 2681 nec
1238 2628 1429 2699 floribus
1445 2627 1656 2675 coroneris
1667 2658 1683 2679 ,
1685 2621 1739 2690 si
1734 2620 1884 2687 spinis
1900 2629 1982 2661 non
1996 2623 2132 2676 potes.

1228 2701 1403 2766 Viguit
1418 2695 1604 2763 quoque
1632 2684 1894 2754 antiquitus
1921 2683 2040 2730 ritus
2057 2694 2135 2725 co·

1160 2771 1359 2823 ronandi
1388 2767 1619 2816 cadavera
1634 2798 1649 2819 ‚
1677 2762 1727 2811 &
1746 2754 1945 2808 floribus
1959 2787 1977 2811 ,
1995 2765 2133 2799 coro-

1158 2841 1321 2908 nisque
1349 2837 1592 2906 sepulchra
1624 2826 1876 2899 spargendi
1903 2860 1914 2872 .
1953 2823 2001 2871 Si
2032 2817 2135 2884 quis

1158 2915 1288 2963 enim
1307 2911 1489 2958 virtute
1518 2905 1728 2970 aliquam
1759 2897 1845 2948 fibi
1865 2904 2130 2944 coronam-³

1159 2984 1355 3051 adeptus
1373 2975 1512 3033 esset,
1544 2972 1715 3024 eadem
1735 2971 1881 3020 etiam
1908 2961 2004 3011 fato
2023 2955 2134 3005 fun-

1157 3055 1257 3105 &us
1275 3048 1616 3103 decorabatur,
1631 3043 1679 3092 id
1698 3040 2003 3111 permittente
2024 3028 2131 3092 lege

1158 3123 1393 3178 Duodecim
1421 3118 1712 3172 Tabularum,
1747 3114 1875 3169 cujus
1910 3095 2133 3148 meminit

1159 3196 1338 3245 Plinius
1357 3190 1441 3241 lib.
1462 3207 1486 3238 2
1503 3209 1519 3236 1
1532 3224 1542 3235 .
1564 3197 1716 3251 cap.3.
1733 3181 1782 3229 &
1797 3175 1937 3224 docet
1957 3169 2131 3286 Cli'ffro

2014 3256 2026 3284 1
2066 3252 2130 3282 .2·
