2425 3747
269 277 519 390 §garinus
538 341 577 387 Ι.
601 336 808 405 Joannes
828 337 919 382 IV.
955 335 1122 379 Donus
1138 367 1154 390 ,
1191 333 1242 381 ὃς

269 411 350 459 alii
372 426 457 478 pro
476 405 621 456 simili
642 419 753 453 nota
772 401 1058 469 usurparunt
1075 437 1085 446 .

341 476 537 546 Insuper
562 474 729 541 (quod
755 474 904 540 magis
923 469 1164 539 magisque
1186 471 1244 520 ad

269 567 371 599 rem
394 546 543 607 facit)
579 545 729 592 adhuc
758 543 900 592 hodie
935 543 983 588 in
1009 543 1245 591 Vaticana

269 617 463 668 Basilica
478 611 677 662 funebre
695 613 981 681 stragulum,
998 611 1077 662 seu
1094 630 1247 662 emor-

269 689 394 736 tuale
427 680 713 741 asservatur,
750 701 845 750 quo
883 681 1023 752 prisci
1056 679 1259 733 Fideles

270 761 344 807 SS.
359 759 642 822 Martyrum
659 754 892 804 cadavera
913 755 1159 822 cooperire
1179 750 1245 802 so-

269 828 341 876 liti
365 838 497 874 crant
514 861 530 882 ,
567 823 677 874 cum
704 825 763 874 ad
793 821 1039 891 sepulchra
1062 821 1242 873 defere-

269 897 409 953 bant,
434 910 488 944 ut
515 908 648 945 notat
676 895 931 963 Turrigius
955 896 1003 943 in
1024 891 1114 943 suis
1132 897 1241 960 Cry-

258 973 352 1037 ptis
382 967 522 1017 Vatic.
541 983 639 1035 par.
659 983 704 1013 2.
724 983 830 1033 pag.
855 965 973 1014 mihi
1005 983 1060 1013 12
1073 981 1116 1022 3.
1136 967 1243 1018 Un-

269 1039 327 1087 de
352 1054 446 1084 non
471 1035 572 1084 abit
595 1038 621 1086 a
650 1032 902 1086 verifimili
918 1071 934 1093 ,
964 1031 997 1085 st
1025 1036 1245 1085 velamen

268 1107 390 1156 illud
410 1107 457 1153 in
472 1107 644 1174 Figura
665 1100 929 1174 expressum
942 1140 958 1163 ‚
972 1102 1123 1155 fimile
1140 1104 1249 1152 stra-

267 1179 437 1247 gulum
466 1176 600 1225 nobis
626 1177 836 1244 indicare
862 1175 1084 1225 credatur
1104 1212 1115 1222 .
1156 1174 1246 1224 Sed

268 1255 366 1313 jam
394 1246 454 1294 ad
472 1248 734 1296 Memorias
754 1245 1004 1296 redeamus
1020 1282 1030 1292 .

341 1320 444 1369 Has
469 1319 616 1366 etiam
637 1318 822 1368 Altaria
850 1318 1082 1365 vocitatas
1110 1316 1246 1364 inve-

269 1389 351 1437 nio
384 1390 432 1436 in
451 1390 646 1437 Canone
666 1393 691 1437 8
703 1403 746 1445 3.
765 1383 982 1436 Ecclefiae
1009 1384 1246 1433 Africanae

269 1457 397 1526 apud
411 1454 600 1526 Justell.
619 1454 707 1507 fic:
741 1458 851 1509 Item
862 1460 1029 1524 placuit
1045 1473 1092 1505 ut
1108 1457 1246 1503 Alta-

269 1531 368 1586 ria,
399 1546 483 1596 que
505 1528 658 1594 pafflm
672 1544 754 1595 per
770 1545 921 1596 agros,
955 1530 1010 1576 ὼ·
1033 1543 1112 1593 per
1143 1531 1249 1575 ‘vias

267 1617 471 1667 tanquam
506 1597 734 1648 Memoriae
776 1598 1038 1665 Martyrum
1085 1599 1248 1647 confli-

270 1687 448 1720 tuuntur
469 1704 486 1724 ,
522 1673 572 1715 in
590 1669 745 1735 quibus
772 1673 936 1718 nullum
960 1684 1106 1732 corpus
1123 1701 1138 1721 ,
1176 1682 1250 1714 aut

271 1742 460 1806 reliquiae
489 1735 749 1806 Martyrum
780 1739 958 1790 conditae
979 1737 1216 1802 probantur
1233 1771 1250 1792 ,

271 1809 323 1860 ab
344 1810 564 1878 Episcopis
581 1844 596 1866 ,
632 1812 705 1875 qui
728 1809 832 1857 lacis
856 1808 1011 1875 eisdem
1033 1808 1248 1874 praefitnt,

255 1881 418 1950 stfiert'
431 1881 579 1946 potest
596 1914 612 1937 ,
648 1895 906 1928 evertantur
921 1900 935 1938 5
949 1878 1004 1944 st
1020 1896 1157 1927 autem
1176 1880 1250 1926 hoc

262 1967 343 2019 per
360 1953 568 2000 tumultus
578 1951 798 2015 populares
823 1949 1079 2016 nonstm'tur
1094 1983 1108 2003 ‚
1127 1947 1250 2011 plebs

272 2039 414 2072 tamen
437 2022 712 2070 admoneatur
741 2026 792 2068 ne
824 2021 905 2068 illa
929 2020 1020 2066 loca
1036 2016 1248 2085 frequen-

274 2109 365 2148 tet,
396 2109 445 2140 ut
473 2096 546 2158 qui
568 2089 679 2139 reete
699 2089 879 2156 sapiunt
897 2124 912 2144 ,
952 2091 1070 2137 nulla
1096 2089 1161 2137 ibi
1171 2089 1249 2155 su-

266 2162 530 2230 perssitione
545 2158 751 2209 devinft'i
774 2177 999 2208 teneantur
1013 2195 1028 2216 ,
1052 2164 1106 2209 <⁷5
1126 2164 1261 2207 omni-

275 2240 327 2281 no
354 2233 474 2280 nulla
499 2230 720 2281 Memoria
745 2229 1258 2297 Martyrumvprobabili-

274 2322 341 2356 ter
355 2317 588 2368 acceptetur
603 2336 618 2357 ,
637 2300 726 2368 nist
735 2300 811 2349 ubi
828 2314 973 2365 corpus
985 2336 999 2356 ,
1015 2317 1088 2349 aut
1108 2303 1256 2368 alique

273 2376 462 2442 reliquit
477 2374 587 2440 ficut
603 2407 618 2427 ‚
655 2387 727 2419 aut
743 2375 859 2440 origo
883 2374 1067 2436 alicujus
1083 2371 1257 2419 habita-

275 2449 436 2500 tionis,
451 2442 793 2510 velpeff’ffionis
807 2478 822 2498 ‚
843 2444 928 2491 vel
927 2442 1129 2508 paffionis
1133 2443 1252 2511 fide-

277 2516 431 2581 liffima
468 2518 636 2581 origine
668 2512 860 2561 traditur
886 2534 900 2572 3
938 2529 1035 2559 nam
1066 2532 1149 2580 quae
1176 2529 1255 2578 per

265 2587 437 2653 somnia
452 2619 467 2640 ,
494 2587 547 2633 &⁴
558 2600 637 2651 per
651 2587 802 2632 inanes
819 2583 944 2650 'quast
964 2586 1256 2633 revelationes

277 2653 557 2722 quorumlibet
580 2656 798 2704 hominum
824 2653 1060 2720 ubicunque
1087 2656 1254 2704 confli-

279 2741 455 2772 tuuntur
469 2725 674 2782 Altaria,
685 2731 803 2776 omni
817 2724 935 2772 modo
949 2724 1255 2790 improbentur.

352 2796 408 2841 In
430 2808 594 2858 quarta
626 2797 799 2863 Figura
825 2792 1037 2856 ejusdem
1058 2794 1255 2842 Tabulae

281 2864 471 2914 XLIII.
508 2865 651 2911 aliam
679 2865 904 2933 Mar-tyrii
935 2867 1121 2913 iconem
1145 2882 1256 2933 pro-

280 2933 424 2989 duxi,
444 2950 543 2999 quae
559 2932 765 3001 Conftffio
785 2936 904 2984 solet
923 2935 1220 2984 denominari
1240 2971 1258 2991 ,

281 3003 618 3072 depromptam
648 3021 706 3051 ex
724 3003 804 3054 suo
829 3018 1093 3072 prototypo
1123 3041 1139 3062 ,
1175 3006 1256 3072 qui

282 3072 437 3122 adhuc
466 3072 608 3122 hodie
628 3077 793 3122 Romae
812 3076 995 3141 integer
1016 3089 1178 3123 manet
1206 3077 1255 3121 in

282 3141 602 3209 antiquiffimo
636 3146 713 3192 SS.
744 3145 870 3193 Petri
901 3146 951 3194 ὃς
980 3145 1254 3192 Marcellini

283 3215 462 3280 templo
489 3214 615 3281 apud
631 3214 919 3264 Lateranum
939 3251 956 3272 ,
991 3212 1119 3279 quod
1137 3215 1253 3260 titu-

283 3284 329 3331 lo
348 3283 664 3333 Cardinalitio
680 3286 943 3355 Gregorius
961 3288 1166 3352 Magnus
1184 3284 1252 3330 in-

654 263 1082 320 VETERA
1154 260 1854 313 MONIMENTA

1293 329 1487 397 signivit
1502 365 1518 387 ,
1540 332 1588 380 &
1610 331 1656 378 in
1677 349 1733 380 eo
1755 331 1935 380 sextam
1955 330 2014 380 ad
2035 334 2274 399 populum,

1300 400 1575 451 Homiliam
1598 399 1790 452 habuit.
1819 405 1876 452 In
1901 402 1985 450 hac
2012 401 2274 452 Confeffio-

1297 488 1355 519 ne
1376 467 1541 520 visitur
1558 468 1640 518 sub
1659 472 1823 529 altari,
1843 485 1986 540 prout
2005 472 2053 521 in
2074 473 2178 521 aliis
2196 491 2276 522 an·

1299 542 1438 607 tiquis
1468 539 1616 594 Urbis
1634 540 1849 592 Ecclefiis
1868 578 1884 601 ,
1912 542 2128 609 quaedam
2145 539 2275 593 fene·

1297 609 1413 669 stra,
1442 611 1766 661 &introrsum
1784 614 1936 661 veluti
1962 612 2189 670 aedicula,
2222 615 2274 661 in

1295 699 1386 749 qua
1405 683 1640 748 Martyris
1658 700 1826 749 corpus
1846 688 1998 745 jacere
2020 681 2239 733 asseritur
2259 719 2277 742 ,

1296 769 1355 800 ex
1390 753 1585 817 antiquo
1620 750 1833 801 Eccleliae
1868 751 1984 809 usu,
2013 750 2278 803 secundum

1299 820 1420 869 illud
1439 823 1641 888 Apocal.
1670 840 1771 890 cap.
1789 830 1838 873 6‘.
1863 823 1978 874 ‚Vidi
1990 823 2075 889 sub
2100 827 2278 875 altar&

1299 897 1464 943 animas
1502 890 1822 959 interfrc‘t'orum
1850 905 2022 959 propter
2053 894 2276 945 verbum..

1296 964 1386 1014 Dei
1397 999 1412 1021 ,
1444 966 1498 1013 ὠ*
1510 975 1684 1030 propter
1701 965 2001 1015 teft'imonium
2019 965 2131 1034 quod
2144 963 2276 1012 habe-

1296 1035 1401 1083 bant
1414 1070 1424 1080 .
1440 1038 1495 1082 In
1513 1035 1601 1082 hoc
1617 1031 1931 1083 Confeffionis
1947 1032 2180 1083 iconismo
2197 1033 2278 1082 ob-

1299 1102 1586 1155 servandum
1623 1101 1690 1151 est
1728 1105 1872 1154 etiam
1903 1105 2280 1154 columnarum-2

1301 1174 1579 1243 epistylium
1591 1210 1607 1230 ,
1624 1176 1855 1223 ornatiori
1873 1172 2108 1243 elegantia
2123 1171 2280 1224 fabre-

1300 1243 1478 1295 fmstum
1496 1266 1507 1292 :
1546 1245 1749 1293 recurrit
1771 1262 1977 1312 namque
1995 1242 2131 1314 supra
2149 1245 2282 1295 idem

1299 1317 1455 1364 veluti
1488 1314 1856 1362 columellarum
1891 1316 2133 1383 porticus,
2171 1316 2274 1382 qui-

1300 1385 1384 1434 bus
1407 1385 1784 1452 superattollitur
1804 1398 2090 1454 tympanus:
2111 1404 2168 1434 ex
2184 1403 2280 1453 quo

1303 1454 1493 1504 ornatus
1519 1472 1690 1522 genere
1719 1473 1833 1503 eruo
1853 1492 1869 1512 ‚
1907 1453 2081 1524 priscos
2101 1455 2278 1505 Christi

1303 1525 1461 1576 fideles
1488 1527 1648 1573 animo
1683 1522 1893 1575 habuisse
1914 1562 1931 1583 ‚
1968 1539 2025 1573 ut
2043 1527 2281 1593 Martyris

1303 1615 1472 1664 corpus
1504 1596 1836 1652 tumulatum,
1874 1593 1910 1644 fi
1943 1612 2038 1642 non
2072 1593 2244 1664 magnei
2264 1631 2282 1652 ,

1302 1665 1468 1715 saltem
1490 1663 1638 1732 parva
1655 1700 1672 1721 ‚
1703 1664 2135 1732 compendiosz'ique
2155 1662 2283 1713 Rafi-

1302 1735 1395 1784 lica
1411 1772 1427 1794 ,
1457 1738 1503 1783 in
1527 1735 1761 1801 Martyrii
1785 1735 2051 1802 trophaeum
2077 1735 2279 1785 honora-

1303 1821 1461 1855 retur:
1502 1806 1720 1853 Gentiles
1739 1806 1870 1853 enim
1895 1819 2113 1854 extruere
2133 1808 2284 1875 porti-

1303 1895 1381 1924 cus
1411 1877 1536 1924 circa
1566 1873 1781 1923 Basilicas
1810 1874 2193 1934 consueverunt,
2229 1890 2284 1924 ut

1303 1944 1729 1996 demonstravimus
1750 1942 1884 2012 supra
1919 1947 1966 1993 in
1984 1948 2103 2012 Cap.
2129 1966 2168 1994 1.
2203 1945 2285 1994 ubi

1303 2017 1362 2066 de
1382 2015 1549 2065 ordine
1576 2016 1822 2080 Peripteros
1841 2012 2108 2081 scripsimus
2128 2051 2139 2062 .

1389 2090 1506 2137 Haec
1531 2086 1726 2133 aedicula
1757 2099 1961 2150 quatuor
1987 2081 2177 2133 suffulta
2205 2103 2285 2133 co-

1312 2158 1486 2205 lumnis
1515 2155 1638 2213 fuit,
1674 2156 1723 2205 &
1753 2155 1975 2206 Ciborium
2006 2156 2250 2203 nominata
2269 2190 2286 2212 ,

1311 2234 1442 2291 cujus
1478 2228 1609 2274 vocis
1645 2240 1850 2293 etymon
1888 2225 2030 2276 variis
2077 2227 2287 2293 agitatur

1309 2295 1507 2347 diffidiis
1539 2297 1663 2344 inter
1692 2296 1930 2345 eruditos:
1967 2312 2050 2343 nos
2079 2307 2283 2345 tamen-2

1309 2365 1488 2418 omiffis
1523 2367 1728 2414 aliorum
1759 2367 1919 2423 votis,
1956 2365 2179 2417 Cibort‘unz
2211 2365 2285 2414 di-

1307 2441 1439 2490 &tum
1459 2435 1551 2486 esse
1578 2433 1818 2484 censemus
1845 2438 1870 2484 a
1890 2435 2017 2485 sacro
2036 2435 2143 2484 cibo
2158 2472 2174 2493 ,
2204 2437 2286 2502 qui

1308 2513 1356 2558 in
1383 2507 1506 2556 sacra
1522 2503 1677 2554 mensa
1691 2541 1708 2562 ‚
1738 2508 1907 2574 nempe
1928 2508 1976 2553 in
1994 2507 2129 2553 altari
2150 2503 2280 2553 affer*

1308 2593 1477 2635 vatur,
1505 2576 1629 2625 unde
1660 2577 1709 2625 ἃ
1730 2575 1934 2643 pyxides
1952 2579 1991 2628 C
1993 2576 2132 2625 iboria
2148 2572 2283 2624 fuisse

1307 2662 1497 2701 vocatas
1518 2660 1734 2695 notamus
1753 2682 1763 2693 .
1804 2651 1918 2697 Vox
1943 2648 2038 2696 haec
2057 2646 2285 2698 (liborium

1309 2720 1401 2778 (de
1420 2736 1508 2784 qua
1530 2717 1627 2765 fus&
1650 2719 1918 2785 Du-Cange
1941 2719 1991 2765 in
2012 2717 2094 2766 suo
2111 2716 2282 2783 Magno

1309 2791 1389 2841 Glo
1427 2794 1544 2845 ario,
1563 2806 1614 2835 ac
1641 2787 1688 2834 in
1719 2785 1797 2835 sua
1810 2790 2138 2853 Constantinop.
2157 2788 2287 2837 Chri-

1308 2862 1455 2911 stiana
1475 2877 1519 2905 n.
1539 2874 1618 2917 57.
1647 2857 1698 2907 &
1727 2875 1885 2907 recens
1903 2856 2206 2907 Hofmannus
2233 2857 2283 2904 in

1307 2928 1390 2978 suo
1417 2929 1576 2980 Lexico
1605 2930 1890 2996 universali)
1924 2929 2108 2978 redolet
2124 2926 2286 2975 media

1308 3015 1522 3069 tempora
1536 3035 1553 3057 ,
1581 2998 1748 3064 quibus
1767 2996 2107 3067 religiofiffimc}
2129 2995 2281 3044 custo·

1308 3071 1400 3119 diri
1428 3074 1476 3118 in
1501 3065 1717 3116 Eccleliis
1739 3066 2075 3118 sacrosan&am
2093 3066 2278 3114 Eucha-

1308 3139 1484 3189 ristiam
1512 3136 1597 3186 usu
1619 3151 1866 3204 receptum
1886 3137 1975 3188 est.

1380 3216 1436 3261 In
1462 3207 1582 3257 Tab.
1604 3209 1789 3259 XLIV.
1826 3223 1919 3258 tres
1947 3206 2060 3256 notii
2092 3204 2286 3276 speciali>

1309 3281 1461 3350 dignae
1479 3281 1657 3347 Figurae
1676 3293 1932 3330 occurrunt
1944 3315 1956 3327 .
1971 3279 2130 3327 Prima
2145 3280 2277 3325 Con-

2147 3342 2278 3396 feffio
