2425 3747
0 434 7 492 2}

712 227 1211 283 CAPUT
1312 229 1505 282 XVII.

111 296 342 368 quamfiu't
360 331 376 353 ,
409 311 656 365 magnarum
672 297 710 346 C
712 297 948 346 hristianis
967 301 1077 347 cala-

109 374 310 418 mitatum
328 404 342 425 ,
381 385 536 415 necnon
570 368 791 414 multorum
818 374 1075 417 cruciatuum

112 439 283 487 auctor:
311 443 428 503 cujus
454 450 633 502 tempore
657 442 907 503 martyrium
928 439 1076 505 ubique

101 507 332 578 subierunt
345 508 598 557 Christiani
618 509 919 573 quamplurimi
935 546 943 554 .
964 510 1074 559 Tum

113 583 164 627 in
195 579 437 645 AEgyptum
457 576 674 645 profec‘lus
691 612 706 633 ‚
745 596 883 626 omnes
909 584 982 645 qui
1009 579 1075 628 ibi

111 651 168 697 &
197 647 475 697 Alexandriae
495 649 622 716 cffint
641 682 656 703 ,
692 649 972 698 Christianos
1000 655 1071 699 in-

110 722 310 773 teremit,
346 720 400 765 (9⁴
433 718 639 784 Ecclesias
675 718 846 775 diruit,
883 720 1073 769 extruHo

110 787 397 837 Alexandriae
417 790 569 854 templo
588 825 603 846 ,
632 790 744 854 quod
756 789 944 839 Deorum
968 806 1072 838 tem-

100 860 224 924 plum
256 874 457 907 ‘vocatum
485 861 553 910 eff
574 895 584 905 .
623 861 740 906 Haec
767 859 873 907 ille:
908 858 1075 925 quibus

108 925 228 975 adeo
263 941 401 995 urget
422 931 589 979 Ottius
608 963 623 986 ,
660 941 714 975 ut
744 929 924 976 nuliam
953 932 1000 978 in
1019 948 1079 978 eo-

107 996 317 1044 viderim
348 995 694 1067 responsionem
712 1033 721 1044 .
1019 1043 1021 1046 Α

178 1069 343 1133 Neque
366 1065 518 1117 solum
553 1069 610 1117 de
633 1066 946 1118 Ecclefiarum
975 1069 1070 1115 rui-

106 1137 176 1183 nis
205 1137 254 1186 &
281 1137 603 1187 eversionibus
630 1139 816 1195 Patres,
851 1140 901 1188 &
926 1144 1071 1201 majo-

104 1207 166 1252 ris
193 1204 302 1256 fidei
324 1207 554 1258 Historici
574 1205 720 1255 verba
750 1205 958 1269 faciunt3
990 1206 1070 1256 sed

103 1293 180 1323 eas
214 1277 428 1324 nondum
457 1274 639 1325 eversas
671 1276 925 1342 aliquando
961 1295 1068 1343 pro-

102 1358 308 1412 ponunt.
341 1348 502 1412 Qam
523 1346 787 1394 luculenter
807 1347 896 1394 hoc
917 1348 1072 1414 expri-

102 1428 203 1461 mat
232 1417 523 1483 Epiphanius
552 1417 600 1463 in
621 1413 702 1464 lib.
721 1415 791 1466 De
809 1416 1068 1485 Menfitrisb,

101 1483 183 1532 ubi
218 1484 277 1535 de
305 1487 540 1535 Hadriani
571 1482 763 1536 Caesaris
799 1488 845 1533 in
865 1487 1067 1535 Palaesti-

99 1572 212 1602 nam
243 1558 453 1606 adventu
483 1554 583 1625 post
604 1553 1067 1623 Hierosolymorum

100 1625 341 1674 excidium
357 1629 452 1693 agit
468 1663 482 1683 ‚
497 1644 555 1675 ex
575 1627 644 1674 his
663 1625 867 1692 quilibet
887 1641 1063 1694 arguat:

102 1695 282 1760 'Reperit
297 1697 547 1747 Hadrianus
573 1700 802 1743 civitatem
826 1713 958 1745 totam
972 1699 1065 1764 solo

99 1782 297 1834 aequatam
314 1804 329 1825 ,
357 1770 411 1816 Θ
429 1768 629 1831 templum
649 1765 738 1814 Dei
757 1769 1068 1823 conculcatum,

99 1842 291 1902 exceptis
315 1841 482 1903 parvis
514 1834 737 1892 domibus,
772 1843 827 1885 &¹
863 1835 1069 1902 Eclesta„

96 1905 186 1955 Dei
202 1942 217 1963 ,
239 1927 322 1976 que
340 1922 487 1972 parva
506 1921 596 1954 erat
623 1924 665 1951 eo
694 1910 741 1952 in
770 1907 854 1952 loco
869 1941 884 1961 ,
912 1906 985 1953 ubi
1003 1906 1070 1952 di-

96 1976 226 2043 versi
255 1978 475 2045 Discipuli
504 2012 518 2033 ,
558 1975 721 2042 quando
757 1972 970 2024 Salvator
1000 1974 1067 2041 as?-

82 2043 280 2111 sumptus
310 2050 376 2097 eft'
405 2047 454 2094 ab
473 2047 661 2095 Oliveto
682 2080 696 2101 ,
727 2044 1000 2112 ascenderunt
1021 2047 1069 2092 in

97 2120 373 2178 coenaculum3
393 2119 491 2166 illic
510 2118 623 2164 enim
641 2111 1068 2184 aedzficatumfuerat,

96 2188 172 2236 hoc
188 2188 255 2237 eff
275 2192 324 2235 in
334 2202 464 2254 parte
482 2187 589 2236 Sion
607 2189 698 2238 &a
720 2181 969 2233 Clariusne
988 2185 1070 2232 vel

98 2254 335 2313 describi,
362 2257 439 2305 vel
460 2259 484 2304 e*
510 2253 754 2322 descriptis
783 2254 954 2301 deduci
981 2271 1068 2320 po-

95 2323 215 2384 test,
251 2324 476 2375 Ecclefias
503 2325 638 2374 nobis
669 2319 837 2371 stetisse
865 2340 920 2370 eo
941 2336 1066 2371 tem-

96 2413 210 2463 pore
236 2432 253 2454 ,
288 2415 381 2462 quo
419 2410 618 2465 negatur
647 2391 925 2442 Christianis
963 2394 1065 2440 riti-

95 2465 180 2513 bus
193 2503 209 2523 ,
231 2464 596 2533 muneribuioue
613 2461 844 2513 obeundis
862 2461 1064 2511 constru-

95 2536 188 2584 &as
214 2571 228 2592 ,
269 2535 585 2585 acidedicatas
612 2530 744 2581 fuisse
773 2555 787 2593 3
824 2531 934 2581 cum
962 2534 1062 2581 Ha-

98 2605 266 2653 driano
286 2608 550 2674 imperante
572 2640 588 2662 ,
615 2621 786 2670 nempe
808 2605 856 2650 in
887 2603 1063 2670 princi-

95 2676 175 2743 pio
196 2675 390 2725 secundi
411 2674 563 2724 saeculi
583 2710 600 2733 ,
627 2673 839 2739 quaedam
862 2675 907 2719 in
928 2689 1065 2720 mon·

96 2758 145 2793 te
173 2748 284 2794 Sion
303 2783 317 2804 ‚
349 2747 460 2794 licet
478 2744 672 2793 humilis
686 2744 735 2793 &
756 2740 941 2811 angusta
954 2778 969 2800 ,
985 2741 1068 2791 sta-

98 2833 146 2864 re
171 2830 329 2864 tamen
354 2830 539 2884 reperta
558 2812 616 2863 fit
632 2850 643 2861 .

165 2888 379 2935 Narratis
402 2884 770 2935 consentaneum
788 2878 889 2931 fore
910 2882 1076 2932 credi-'

99 2956 252 3006 derim
272 2992 287 3014 ‚
315 2954 349 3003 fi
373 2974 480 3005 eam
507 2953 749 3003 historiam
782 2949 1025 3002 referam-2
1043 2989 1060 3011 ,

98 3044 196 3092 quae
224 3024 349 3093 apud
371 3025 622 3074 nonnullos
644 3023 855 3073 eruditos
874 3021 1060 3073 fidem„

100 3094 341 3152 obtinuit,
369 3097 417 3145 &c
441 3094 498 3142 ab
530 3091 728 3142 Eusebio
757 3092 1056 3143 lib.0·.<Hist.

100 3183 199 3232 cap.
240 3179 316 3227 34.
349 3176 591 3214 enarratur
620 3198 630 3208 .
670 3163 885 3211 Aderant
918 3168 1055 3226 jam„

98 3232 369 3284 Christianae
396 3233 521 3303 plebi
541 3228 775 3280 Paschalia
799 3229 1024 3282 solemnia
1040 3268 1057 3301 ἓ

169 3304 273 3356 Par.
287 3301 326 3351 I.
1039 3300 1042 3301 ⁷

2004 253 2024 284 1

1131 299 1226 350 five
1256 302 1354 349 dies
1387 319 1528 367 quam
1552 299 1664 349 fecit
1684 302 1919 348 Dominus
1939 337 1954 358 ,
1987 255 2095 352 cdiii

1131 373 1177 418 in
1197 370 1404 432 ejusdcm
1424 371 1516 419 diei
1537 373 1703 438 vigilia
1725 371 1965 437 Philippus
1996 372 2092 439 ipse

1130 445 1398 510 Imperator
1436 440 1691 489 Ecclesiam
1734 441 1920 509 ingredi
1962 441 2096 491 ausus

1127 509 1219 567 est,
1246 524 1297 557 ut
1328 512 1375 559 ἃ
1407 512 1554 558 Sacris
1574 524 1793 567 vacaret,
1820 511 1869 559 &
1905 509 2094 561 divino-

1127 597 1235 626 rum
1271 581 1500 647 particeps
1533 577 1664 629 fieret
1697 592 1919 646 tanquam
1953 582 2094 630 Chri-

1126 647 1332 708 stianus;
1363 647 1440 696 sed
1468 649 1731 715 prohibitus
1756 650 1805 699 &
1826 650 2002 713 ejestus
2030 652 2096 700 est

1126 716 1182 765 ab
1215 715 1446 786 Episcopo
1474 716 1534 765 ob
1562 717 1734 768 scelera
1760 754 1776 775 ,
1812 738 1909 786 quae
1937 735 2095 788 patra-

1126 801 1292 836 verat:
1332 785 1500 853 quibus
1528 801 1683 837 tamen
1709 791 1996 854 poenitentia
2026 789 2094 839 sa-

1128 859 1270 906 lutari
1299 856 1497 915 dilutis,
1533 860 1637 906 voti
1675 875 1868 926 compos
1903 856 2096 910 effe6³cus

1130 927 1195 976 est
1221 963 1237 984 ,
1272 928 1321 977 &
1359 929 1407 974 in
1437 925 1612 975 sacram
1645 928 1807 975 AEdem
1848 947 1957 977 cum
1993 933 2096 981 aliis

1127 995 1373 1056 admiffus3
1401 997 1527 1063 quod
1549 995 1651 1046 sane
1670 1000 1865 1046 evenire
1894 1018 1985 1046 non
2008 1019 2093 1068 po-

1126 1080 1272 1124 terat,
1287 1065 1320 1115 fi
1337 1068 1477 1114 nullae
1498 1068 1552 1114 iis
1573 1066 1739 1116 diebus
1756 1067 1970 1117 Ecclesiae
1988 1089 2096 1119 con-

1124 1133 1336 1185 stitiffent
1361 1173 1377 1195 ,
1416 1150 1469 1184 ut
1499 1135 1694 1202 quidam
1727 1155 1820 1185 non
1848 1137 1980 1185 inscii
2013 1153 2098 1187 aut

1125 1208 1324 1265 inculti,
1350 1206 1428 1255 sed
1446 1203 1612 1275 parum
1631 1207 1698 1274 pii
1721 1203 1887 1255 fratres
1905 1222 2096 1258 conten-

1124 1277 1275 1324 dunt.

1217 1348 1325 1394 Scio
1354 1345 1597 1394 historiam
1629 1347 1746 1393 hanc
1776 1350 2040 1415 oppugnari
2071 1352 2097 1397 εὶ

1112 1414 1323 1488 Josepho
1341 1418 1577 1484 Scaligero
1595 1417 1643 1463 in
1660 1413 1749 1464 suis
1771 1416 2097 1466 Animadver-

1122 1485 1327 1536 fionibus
1361 1485 1418 1534 ad
1452 1488 1750 1535 Chronicum
1781 1484 2098 1537 Eusebianum

1122 1556 1205 1606 sub
1227 1575 1334 1605 ann.
1365 1565 1478 1619 246‘.
1498 1555 1579 1603 ubi
1605 1557 1844 1604 nonnullis
1869 1560 2098 1607 conviciis

1123 1626 1379 1696 ipsummet
1395 1623 1649 1675 Eusebium
1677 1629 1845 1675 acriter
1878 1629 2105 1695 impetit,

1122 1711 1370 1760 totumque
1400 1695 1449 1742 id
1470 1693 1678 1741 fabulam
1705 1694 1793 1743 effe
1820 1699 1845 1742 a
1866 1696 2099 1744 Christia-

1124 1768 1192 1814 nis
1221 1762 1469 1813 confi&axn
1499 1761 1711 1830 pluribus
1738 1760 1963 1813 asseverat
1985 1802 1995 1811 .
2037 1770 2093 1814 In

1122 1837 1240 1884 hanc
1279 1832 1560 1881 sententiam
1600 1834 1692 1880 ivit
1738 1836 1884 1882 etiam
1929 1837 2096 1883 Sethus

1123 1900 1358 1954 Calvisius
1388 1904 1432 1948 in
1450 1902 1531 1950 suo
1565 1920 1707 1968 opere
1738 1904 2095 1973 Chronologico

1125 1974 1183 2022 ad
1201 1990 1305 2020 ann.
1326 1970 1500 2020 Christi
1523 1980 1638 2034 246.
1673 1974 1979 2039 Spanhemius
2012 1994 2095 2024 ve-

1124 2043 1178 2092 ro
1204 2045 1250 2090 in
1275 2036 1611 2089 Differtatione
1631 2059 1751 2089 nona
1769 2043 1837 2092 De
1846 2045 2096 2108 prestantia

1123 2118 1178 2165 ΕΤ
1194 2114 1267 2182 usu
1283 2111 1631 2180 Numis'matum,
1649 2113 1758 2160 licet
1776 2112 1978 2161 dubium
1999 2133 2096 2164 mo-

1128 2197 1266 2239 veat,
1296 2195 1507 2230 attamen
1537 2200 1628 2230 non
1657 2181 1837 2230 decidit
1856 2219 1872 2240 ,
1913 2181 1991 2232 sed
2022 2203 2094 2233 re·

1124 2254 1278 2302 mittit
1305 2251 1555 2300 LecsQOrem
1591 2250 1648 2299 ad
1671 2253 1921 2300 Danielem
1953 2256 2089 2302 Huc-

1123 2325 1274 2380 tium,
1289 2321 1347 2370 de
1363 2339 1456 2388 quo
1474 2317 1616 2368 infra.
1642 2324 1710 2368 At
1724 2323 1833 2388 quia
1853 2320 2091 2385 hujusmo-

1123 2394 1173 2442 di
1213 2388 1585 2440 controverfiam
1631 2391 1898 2440 Cardinalis
1941 2392 2094 2441 Caesar

1121 2463 1347 2512 Baronius
1376 2462 1434 2510 ad
1465 2479 1571 2508 ann.
1603 2469 1717 2524 246.
1748 2462 1886 2528 long&
1914 2464 2092 2510 exami-

1120 2546 1230 2591 nat,
1259 2534 1309 2582 &
1332 2531 1680 2597 nostestorem
1707 2530 1764 2578 ad
1788 2531 1993 2580 eundem
2019 2550 2093 2581 re-

1121 2604 1359 2650 mittimus
1378 2639 1388 2648 .
1411 2598 1626 2651 Valefius
1647 2615 1802 2649 tamen
1822 2619 2004 2668 magnae
2023 2604 2093 2650 in-

1121 2674 1373 2740 genuitatis
1392 2673 1441 2721 &
1457 2672 1680 2720 doeirinae
1703 2673 1808 2727 vir,
1843 2673 1890 2718 in
1917 2671 2008 2720 suis
2031 2673 2090 2722 ad

1121 2741 1377 2791 Eusebium
1405 2743 1527 2791 notis
1549 2740 1630 2788 lib.
1649 2748 1698 2790 6.
1724 2739 1849 2789 Hist.
1882 2760 1983 2809 cap.
2011 2757 2091 2806 34.

1119 2812 1236 2860 hanc
1270 2812 1470 2861 eandem
1501 2810 1743 2858 historiam
1779 2828 1873 2858 non
1905 2816 2092 2879 impro-

1118 2879 1298 2940 bat,sed
1316 2878 1468 2949 potitis
1486 2878 1752 2937 confirmat,
1770 2881 1922 2928 immo
1941 2900 2088 2930 enun-

1115 2953 1288 2999 ciatam
1314 2949 1508 2999 testatur
1537 2948 1594 2998 ab
1616 2950 1829 2999 AuAEtore
1856 2952 2087 3000 Chronici

1113 3019 1423 3071 Alexandrini
1450 3055 1466 3077 ,
1501 3038 1560 3069 ex
1588 3021 1857 3068 narratione
1895 3021 2084 3068 Leontii

1111 3088 1319 3140 Praesulis
1356 3091 1648 3139 Antiocheni
1673 3125 1690 3147 ,
1727 3092 1806 3156 qui
1842 3092 1913 3135 M.
1948 3092 2095 3150 Con->

1111 3160 1310 3209 stantino
1326 3159 1496 3210 Caesari
1512 3157 1804 3228 synchronus
1817 3154 1923 3202 fuit.
1941 3157 2081 3207 Idem

1110 3229 1258 3280 ferme
1291 3244 1448 3279 narrat
1484 3233 1546 3277 D.
1584 3222 2075 3345 (Eliirysostomusoind

2000 3314 2070 3344 ra-
