2482 3742
748 260 787 309 C
854 258 903 309 A
973 258 1013 308 P
1086 257 1133 308 U
1208 257 1253 307 T
1354 255 1653 308 XXVIII.

186 325 373 385 stantini
403 331 586 378 Arcum
610 331 627 384 ξ
662 343 811 394 neque
841 326 1159 395 Amphithea-

187 410 313 446 trum
329 435 345 456 ,
369 415 518 463 neque
548 397 695 445 aedem
712 398 871 448 Sancti
893 398 1160 446 Clementis

186 469 377 534 attigit,
394 465 504 515 cum
519 465 575 514 ab
594 465 742 525 Iside,
755 471 803 519 &
821 467 1043 536 Serapide
1061 484 1163 535 pars

187 537 272 584 illa
290 551 600 605 occuparetur
621 574 636 596 ,
672 539 771 585 imo
795 556 946 605 neque
971 537 1029 586 ad
1049 536 1161 585 San-

187 606 287 655 &os
316 609 539 665 Petrum,
563 609 613 657 ὃς
645 610 983 659 Marcellinum
1000 643 1016 664 ,
1054 608 1162 674 quia

183 677 300 724 illuc
316 677 459 745 usque
474 714 491 736 ,
508 691 590 726 aut
609 678 750 747 paulo
765 680 888 727 ultra
904 715 919 735 ‚
937 675 1069 726 Ifidis
1082 712 1097 734 ,
1115 678 1165 726 &

184 746 421 814 Serapidis
437 749 614 815 templa
631 748 1164 818 progrediebantur.Vi-

183 833 262 865 cus
284 833 398 886 ergo
427 817 716 866 Succusanus
732 856 748 877 ,
783 821 863 884 qui
884 820 933 865 in
954 815 1160 883 Esquili-

180 904 268 943 na,
286 902 388 936 erat
403 890 530 942 inter
544 889 734 937 San&os
754 890 948 937 Petrum
964 888 1013 937 ὅτ.
1034 890 1161 935 Mar-

181 956 412 1005 cellinum
434 994 450 1016 ,
488 977 540 1006 ac
578 960 771 1007 Portam
800 956 1127 1009 Praenestinam
1142 992 1158 1014 ,

180 1044 306 1076 nunc
323 1030 559 1091 Majorem
574 1065 590 1086 ,
628 1047 712 1098 per
730 1030 864 1078 illam
881 1030 1012 1078 viam
1026 1065 1041 1087 ,
1061 1045 1161 1094 quae

179 1093 413 1145 Labicana
438 1096 571 1149 fuisse
600 1099 810 1149 creditur
825 1136 842 1158 ,
872 1118 923 1147 ac
943 1115 1024 1167 per
1044 1116 1157 1145 conn

175 1163 370 1232 sequens
389 1165 601 1228 Subura,
629 1188 731 1236 quae
755 1169 925 1220 exinde
945 1186 1160 1217 nomen-2

177 1234 463 1305 desumpsit,
482 1237 592 1288 cum
612 1243 740 1290 Vico
759 1239 1024 1290 Succusano
1046 1257 1156 1287 con-

176 1306 335 1369 juncta
363 1305 473 1357 effer
483 1330 499 1367 3
535 1325 683 1373 quare
705 1312 829 1357 inter
865 1309 1055 1357 Sanetos
1076 1310 1159 1356 Pe-

2092 270 2193 313 26'1'

1214 322 1520 394 permeassent
1541 362 1554 385 ,
1597 326 1727 373 nulla
1762 326 1884 373 ratio
1911 333 1927 384 ᾗ
1964 332 2043 378 vel
2075 330 2185 381 fim-

1215 399 1324 465 plex
1350 397 1618 458 conjectura
1647 396 1696 443 id
1718 393 1913 455 suadet3
1947 395 2023 446 sed
2043 402 2184 451 Plinii

1216 465 1418 515 Secundi
1449 466 1617 514 domus
1655 469 1800 532 (quae
1826 500 1842 521 ‚
1880 465 2082 535 ipsomet
2118 487 2187 522 te-

1215 535 1279 585 ste
1306 539 1352 583 in
1377 533 1570 604 epistola
1601 536 1771 583 ultima
1796 533 1878 583 lib.
1915 550 1958 592 3.
1977 572 1993 593 ,
2031 541 2078 585 in
2108 540 2187 589 Es..

1217 606 1373 673 quiliis
1398 620 1522 654 erat:
1559 607 1810 673 Alloquitur
1828 604 1895 654 M
1897 609 2011 675 ufizm
2024 644 2040 666 ,
2058 626 2105 659 m
2120 613 2190 660 do-

1216 695 1329 727 mum
1350 693 1480 724 meam
1503 680 1551 724 in
1571 677 1780 744 Esqniliis
1798 694 1952 745 quaerat
1969 714 1985 736 ,
2013 697 2064 726 ac
2085 685 2189 743 jux-

1216 749 1262 794 ta
1288 745 1559 812 supracitati
1590 748 1828 796 Martialis
1858 743 2190 800 assertionem

1214 815 1282 863 ibi
1318 828 1419 868 erat
1448 833 1626 865 annexa
1651 819 1873 878 Subura)
1902 816 2085 884 penitus
2116 821 2187 868 lo·-

1212 903 1321 933 cum
1347 887 1472 933 inter
1489 887 1703 935 Coelium
1719 924 1734 945 ,
1760 889 1810 937 &
1833 885 2099 938 Palatinum
2120 889 2187 940 se-

1212 954 1396 1012 cludit,
1432 953 1525 1022 quo
1558 954 1786 1024 Esquilias
1811 975 2053 1024 nunquam
2083 979 2187 1031 per-

1215 1023 1391 1076 veniffe
1412 1039 1544 1094 patet
1564 1061 1575 1072 .

1287 1099 1390 1145 Nec
1408 1097 1640 1144 momenti
1659 1098 1749 1156 est,
1766 1104 2034 1149 Varronem
2052 1099 2188 1169 scrip-

1214 1163 1315 1215 sisse
1336 1165 1572 1213 Suburam
1584 1202 1600 1222 ,
1626 1187 1711 1234 qtae
1723 1171 1806 1237 fitb
1823 1189 1938 1219 muro
1954 1187 2086 1221 terreo
2104 1175 2187 1223 Ca-

1212 1242 1406 1285 rinarum
1426 1273 1442 1294 ,
1480 1241 1578 1304 quia
1608 1257 1697 1287 cum
1714 1242 1843 1291 Coelio
1861 1243 2185 1306 conjunilaeca-

1212 1312 1316 1356 rinae
1331 1344 1346 1365 ,
1358 1309 1446 1375 fid
1455 1311 1570 1356 incer
1585 1325 1652 1357 eas
1669 1345 1684 1366 ,
1712 1330 1794 1378 quae
1816 1315 1947 1362 locum
1963 1315 2001 1364 C
2005 1315 2184 1361 erolien-

175 1389 307 1422 trum
329 1377 379 1426 &
397 1378 760 1435 Marcellinum,
777 1395 828 1425 ac
849 1378 1162 1444 Amphithea-
1201 1378 1297 1451 sem
1312 1380 1562 1441 appellatum
1579 1394 1775 1444 apparet:
1806 1384 1854 1431 ὅτ,
1875 1378 2090 1430 inferius:
2109 1385 2186 1433 Ce-

176 1459 304 1497 trum
329 1445 512 1495 Subura
535 1449 714 1497 extitit.
730 1450 801 1495 Ex
817 1447 1066 1515 praecitatis
1081 1450 1162 1495 Fe-

175 1512 232 1562 sti
255 1515 412 1564 verbis
433 1532 772 1583 argumentum
791 1515 1128 1566 corroboratur
1146 1552 1157 1562 .

173 1585 357 1636 stativo
374 1586 596 1654 presidio,
634 1589 746 1656 quod
757 1589 940 1654 fhlitum
975 1587 1044 1636 eft'
1064 1588 1160 1655 fitc-

176 1673 339 1704 currere
353 1657 565 1724 Esquiliis
578 1691 594 1714 ,
623 1656 939 1725 infestantibus
962 1675 1050 1706 eam
1058 1670 1159 1723 par*

175 1740 263 1773 tem
299 1726 440 1783 Urbis
467 1729 683 1779 Gabinis.
725 1725 996 1777 Praefidium
1027 1728 1156 1776 istius

176 1795 288 1865 Pagi
319 1798 367 1844 in
402 1795 721 1865 Esquiliarum
749 1812 912 1849 contra
943 1796 1156 1847 Gabinos

174 1863 499 1918 defensionem
526 1871 687 1938 inepte
718 1871 842 1919 inter
857 1869 1125 1917 Palatinum
1139 1905 1156 1926 ,

173 1938 225 1987 &
243 1939 458 1987 Coelium
486 1941 712 2008 ponitur,
749 1938 810 1989 fic
832 1941 964 1989 enim
994 1938 1051 1988 ab
1078 1939 1159 1986 Es-

174 2009 336 2074 quiliis
351 2044 368 2066 ,
401 2011 451 2060 &
469 2008 667 2064 Gabinis
692 2008 1059 2062 remotiffimum
1079 2027 1157 2058 ex·

175 2075 343 2127 titiffet
361 2100 375 2139 3
411 2082 461 2130 &
479 2082 504 2130 ἐ
523 2095 689 2130 contra
715 2085 838 2132 inter
862 2080 1052 2130 Sancstos
1071 2081 1155 2128 Pe-

177 2160 309 2204 trum
335 2151 386 2199 &
420 2153 764 2209 Marcellinum
785 2189 801 2212 ,
838 2170 889 2199 ac
919 2148 1153 2200 Praenesti-

174 2236 289 2267 nam
310 2220 503 2278 Portam
520 2219 778 2273 defensioni
797 2236 961 2291 aptum
982 2217 1152 2269 fuisset.⁵

172 2289 305 2342 Hinc
333 2293 560 2360 explicari
584 2289 996 2362 potestJuvenalis
1020 2326 1035 2347 ,
1070 2292 1151 2357 qui

175 2355 397 2414 disserens
431 2362 491 2412 de
522 2353 778 2432 Tyberino
807 2360 930 2432 pisce
948 2398 964 2419 ,
993 2358 1055 2409 fic
1089 2363 1154 2409 ait

176 2433 338 2496 Satyr.
356 2449 400 2493 5.
416 2432 537 2484 vers.
562 2454 579 2483 1
593 2451 673 2496 05.

249 2503 343 2550 Aut
353 2507 491 2570 glacie
512 2507 700 2575 asperfits
716 2506 893 2555 maculis
907 2501 1156 2567 Tyberinus

321 2581 375 2627 ‘22'
401 2577 490 2645 ips}

248 2639 441 2694 Ternula
476 2649 665 2712 riparum
700 2650 884 2716 pinguis
928 2661 1157 2696 torrente-³.

318 2717 458 2766 cloaca
479 2752 494 2774 ,
814 2766 816 2768 ,

248 2781 506 2853 Efz‘fhlitus
526 2788 671 2837 mediae
686 2803 875 2858 cryptam
891 2801 1159 2854 penetrare„²

318 2857 512 2909 Suburae.

263 2922 469 2978 Piscibus
494 2925 642 2978 facilis
675 2927 866 2998 patebat
902 2926 1055 2975 aditus
1096 2923 1159 2979 adr

180 2993 408 3046 ClOacam
440 3001 700 3048 maximam
721 3037 736 3059 ,
763 3020 815 3048 ac
848 3001 894 3047 in
921 2998 1155 3068 praecipua

182 3061 371 3112 brachia
388 3103 404 3124 ,
429 3071 590 3133 quaein
613 3090 716 3120 eam
734 3070 778 3121 se
806 3065 1154 3125 exonerabant,

177 3133 273 3199 quii
294 3131 475 3187 facilius
495 3154 709 3205 poterant
730 3140 891 3190 subtus
914 3153 1154 3207 permeare

182 3200 436 3266 Suburam,
453 3210 573 3258 inter
588 3214 825 3277 Coelium,
840 3213 889 3262 ὃς
908 3208 1153 3274 Esquilias3

180 3286 230 3327 at
248 3273 378 3346 quod
396 3280 518 3329 inter
530 3281 797 3333 Palatinum
811 3319 828 3347 ,
863 3284 913 3336 ὃς
936 3280 1154 3347 Coelium

1211 1447 1404 1515 rolieJfis
1429 1452 1453 1496 ὰ
1475 1450 1728 1499 Carinarum
1738 1453 1901 1514 junc‘lu
1931 1451 2072 1500 diffisus
2100 1455 2139 1502 C
2141 1471 2184 1501 a-

1211 1522 1340 1567 rinae.
1370 1517 1656 1566 Carinarum
1677 1537 1849 1569 nomen
1874 1522 2019 1569 etiam
2035 1525 2185 1571 Cero-

1212 1585 1344 1637 lienfi
1372 1584 1691 1648 inserviebat3
1720 1592 1799 1656 qui
1829 1603 1927 1639 erat
1955 1589 2034 1638 ubi
2065 1610 2186 1641 nunc

1212 1658 1277 1707 est
1294 1657 1397 1706 Titi
1413 1656 1867 1724 Amphitheatrum,
1886 1659 1944 1708 ad
1963 1660 2089 1728 quod
2108 1665 2187 1711 Su-

1211 1727 1336 1776 burae
1376 1740 1517 1795 caput
1551 1730 1820 1795 pertingens
1846 1767 1862 1788 ,
1902 1729 2189 1781 Succusanus

1211 1800 1358 1867 Pagus
1373 1816 1454 1865 per
1473 1815 1576 1845 eam
1593 1795 1737 1864 usque
1758 1802 1814 1848 ad
1835 1802 2030 1851 Carinas
2048 1802 2189 1850 transL

1212 1871 1278 1917 ire
1306 1870 1464 1937 potuit
1487 1889 1500 1927 3
1529 1866 1656 1916 salvo
1688 1884 1851 1920 tamen«
1879 1886 2155 1922 remanente
2174 1908 2190 1930 ‚

1211 1935 1642 2005 antiquissimarum
1663 1942 1946 1990 Carinarum
1963 1957 2188 2010 parterm

1211 2027 1308 2063 non
1329 2006 1468 2056 fuisse
1490 2007 1720 2057 Suburam
1738 2047 1754 2069 ,
1771 2034 1776 2044 ·
1791 2024 2045 2084 antequam
2067 2015 2191 2065 tale„

1209 2077 1296 2129 sibi
1326 2096 1499 2127 nomen
1529 2077 1835 2130 adscisceret.

1280 2147 1501 2197 Tandem
1524 2149 1778 2199 Panvinius
1806 2151 2031 2219 deceptus
2051 2155 2190 2222 Junii

1209 2219 1346 2269 dic‘tis
1374 2222 1398 2268 a
1422 2223 1639 2268 Varrone
1657 2221 1814 2269 relatis
1831 2258 1847 2279 ,
1869 2240 2066 2291 nempe:
2105 2226 2190 2275 Su-

1207 2290 1312 2339 bura
1336 2289 1386 2337 ab
1405 2310 1448 2338 eo
1464 2326 1479 2347 ‚
1519 2289 1866 2360 qubdfitericfitb
1896 2301 2074 2363 antiqua
2093 2297 2188 2348 Ur-

1206 2361 1274 2418 be,
1295 2366 1364 2410 cui
1382 2362 1679 2411 tessimonium
1692 2363 1840 2428 potes?
1856 2363 1948 2431 effi,
1967 2367 2183 2436 qubdfitb-

1209 2433 1277 2481 eff
1298 2436 1340 2481 ei
1358 2434 1444 2481 loco
1462 2467 1478 2489 ,
1516 2436 1589 2500 qui
1621 2449 1781 2481 terreus
1806 2436 1946 2483 murus
1977 2456 2159 2488 ‘vocatur
2173 2473 2189 2496 ,

1208 2500 1294 2549 sub
1325 2501 1540 2551 Palatino
1574 2504 1770 2550 Romuli
1811 2521 1976 2553 veram
2007 2511 2193 2558 Civita-

1210 2586 1310 2621 tem
1343 2568 1479 2619 fitam
1512 2570 1652 2634 fuisse
1689 2572 1929 2637 credidit3
1967 2574 2044 2626 sed
2070 2583 2191 2627 anti-

1207 2660 1299 2710 qua
1336 2641 1466 2694 Urbs
1486 2678 1502 2701 ,
1537 2641 1619 2690 sub
1646 2661 1736 2709 qua
1769 2643 1951 2693 Subura
1981 2663 2111 2706 erat,
2143 2653 2192 2701 ὃ(

1209 2709 1497 2762 Succusanus
1527 2714 1672 2781 Pagus
1703 2715 1749 2760 in
1776 2714 2088 2781 Esquiliaram
2110 2722 2191 2771 de-

1208 2780 1497 2841 fensionem,
1524 2797 1775 2849 antequam
1795 2787 1819 2834 a
1835 2789 2001 2838 Servio
2021 2790 2190 2842 Tullio

1209 2858 1376 2903 Romae
1412 2853 1770 2903 includerentur
1793 2891 1809 2914 ,
1845 2863 1940 2920 jam
1975 2862 2190 2911 Coelium

1208 2923 1466 2983 ambiebat,
1481 2925 1539 2972 ad
1555 2942 1697 2991 quem
1713 2939 1795 2972 aut
1810 2928 1836 2975 ὲ
1852 2931 2091 2990 Romulo,
2108 2949 2189 2982 aut

1205 2999 1232 3046 ὲ
1263 2997 1431 3044 Servio
1457 2995 1649 3059 jamdiuv
1676 3009 1808 3045 antea
1838 2999 2056 3065 protensa
2085 3001 2188 3054 fue-

1206 3079 1298 3125 rat3
1313 3066 1421 3114 ideo
1435 3068 1618 3115 Coelius
1637 3085 1729 3114 non
1751 3081 1866 3125 erat,
1883 3082 1935 3116 ut
1950 3070 2190 3138 Esquiliae,

1206 3140 1233 3187 a
1253 3135 1452 3185 Gabinis
1470 3134 1812 3186 incurlionibus
1837 3140 2058 3205 agitatus3
2076 3162 2185 3192 nam.

1207 3224 1371 3255 murus
1399 3220 1575 3256 terreus
1598 3207 1753 3274 potius
1780 3202 1916 3275 supra
1935 3213 2183 3272 Coelium,

1208 3281 1349 3345 quam
1367 3274 1505 3345 supra
1519 3277 1788 3326 Palatinum·
1803 3275 1899 3328 fuit
1915 3316 1926 3330 .
1961 3282 2183 3333 Succusa-

2097 3372 2184 3404 nus
