2425 3747
260 216 635 327 84Mufivorunn
650 278 740 326 huc
759 276 905 343 usque
927 290 1128 342 operum
1145 274 1236 322 ori-

257 351 450 418 ginem,
481 349 705 405 nomina,
742 345 917 415 species
937 380 953 402 ,
989 345 1040 394 &
1064 360 1236 393 eorum

259 423 307 467 in
337 419 530 469 Italiam
558 417 998 472 introductionem,
1034 432 1087 463 ac
1121 432 1239 483 proi

256 485 460 558 gressum
479 491 758 548 retulimus;
795 486 875 534 sed
895 500 949 533 ut
968 483 1161 535 uberior
1179 482 1237 533 fit

256 559 477 610 historica
509 560 603 607 haec
636 559 844 605 narratio
865 593 882 614 ,
911 554 1096 605 silentio
1120 575 1237 624 prae·

260 629 544 681 tereundum
568 646 662 676 non
683 626 750 677 est
771 627 889 694 quid
915 624 1150 694 scripserit
1177 626 1238 677 de

259 698 426 748 iisdem
442 700 537 746 Leo
557 695 782 749 Ostiensis
801 699 848 745 in
865 698 1111 748 Chronico
1128 701 1238 747 Mo-

257 768 444 819 nasterii
476 766 766 829 Cafinenfis5
796 769 928 836 quod
948 770 1093 818 Notis
1125 770 1238 817 illu-

255 839 422 888 stravit
447 836 789 888 eruditissimus
824 841 901 887 vir
931 839 1153 907 Angelus
1183 840 1242 889 de

256 913 418 967 Nuce,
433 910 553 958 olim
567 908 777 974 ejusdem
795 907 1076 959 Monasterii
1093 908 1244 967 Abas,

258 977 562 1049 postmodum
574 978 973 1048 Archiepiscopus
984 976 1244 1029 Roffanen-

258 1049 346 1107 iis,
382 1052 502 1097 mihi
537 1048 722 1098 summz'i
761 1048 1102 1100 neceffitudine
1134 1069 1244 1100 con-

258 1118 572 1183 junetiffimus
600 1158 611 1168 .
650 1118 877 1173 Ostiensis
902 1123 1051 1190 igitur
1083 1120 1166 1170 lib.
1200 1136 1244 1178 3.

260 1212 360 1260 cap.
395 1196 476 1243 28.
509 1194 610 1248 ait,
646 1192 952 1242 Defiderium
989 1190 1243 1256 ejusdem-⁴

259 1260 543 1313 Monasterii
559 1261 775 1312 Abatem
787 1300 803 1322 ,
832 1263 989 1332 postea
1006 1262 1243 1314 Cardina-

259 1335 394 1390 lem,
431 1351 553 1381 anno
596 1337 860 1382 Dominicae
900 1335 1247 1383 Incarnationis

659 203 1086 260 VETERA
1160 199 1868 255 MONIMENTA

1289 272 1557 323 Car-dinalis
1590 292 1733 343 opera
1768 272 1914 323 fuerit
1934 293 1950 321 ·:
1990 289 2102 322 narn
2139 273 2266 326 inter

1288 344 1600 414 postremum,
1616 345 1743 412 quod
1760 349 1927 393 Romae
1941 342 2266 397 constructum

1286 413 1352 466 est
1369 413 1619 465 Mufivum
1632 452 1648 474 ,
1663 435 1714 464 ac
1736 416 1857 464 illud
1873 415 2004 482 quod
2023 417 2073 463 in
2090 419 2271 467 Monte·

1290 482 1464 537 Casino
1491 485 1584 534 fuit
1607 523 1624 545 ,
1663 504 1757 535 non
1792 481 2149 536 intercefferunt
2179 484 2270 537 nifi

1291 557 1484 607 ducenti
1507 576 1565 605 ac
1594 555 1889 626 septuaginta
1909 559 2102 606 circiter
2121 559 2232 605 anni
2253 566 2273 616 ,¹

1290 647 1386 677 non
1424 639 1585 676 autem
1621 629 1910 696 quingenti3
1947 631 2271 678 Romanum-2

1292 714 1500 765 namque
1522 696 1588 747 est
1607 699 1902 746 Triclinium
1928 698 2273 749 Later-ariense,

1291 769 1445 819 adhuc
1464 782 1626 817 extans
1638 805 1654 827 ,
1681 771 1731 819 &
1749 771 1776 817 ἒι
1794 769 1953 818 Leone
1974 774 2068 819 III.
2084 773 2167 836 qui
2185 772 2277 818 cir<-

1293 861 1346 891 ca
1375 838 1521 888 finem
1555 843 1702 889 VIII.
1739 837 1896 888 saeculi
1927 839 2273 889 Pontificatum

1295 908 1457 984 gestit,
1485 911 1778 959 excitatum.

1513 1049 1888 1105 CAPUT
1963 1055 2068 1102 XI.

1354 1198 1427 1248 Ex
1444 1210 1525 1264 qua
1544 1196 1724 1244 materia
1744 1193 1884 1259 Opera
1905 1189 2100 1259 Masi-va
2115 1209 2222 1240 com-

1448 1281 1664 1333 ponantur
1679 1299 1695 1319 ,
1733 1268 1788 1313 (9⁴
1806 1264 2004 1333 quomodo
2031 1264 2127 1332 ipste

1529 1339 1716 1384 materie
1734 1350 2027 1403 praeparentur
2042 1368 2053 1380 .

259 1403 513 1453 MLXVI.
541 1421 720 1452 novam
740 1401 954 1453 Ecclesiae
971 1403 1246 1452 fabricam-2
1296 1438 1300 1440 -

258 1469 492 1523 inchoasse
514 1474 563 1520 in
584 1475 818 1527 honorem
836 1478 878 1523 S.
898 1473 1173 1525 Benedicti:
1197 1477 1247 1526 &
1298 1508 1303 1515 2

256 1545 309 1597 in
337 1562 440 1611 cap.
467 1561 549 1602 29.
583 1544 766 1613 Legatos
784 1547 1245 1612 Constantinopolim..

256 1613 322 1663 ad
336 1613 533 1663 locandos
548 1619 758 1684 Artifices
778 1617 975 1667 destinat
990 1654 1005 1675 ,
1017 1623 1180 1683 peritos
1197 1623 1247 1666 in

257 1693 352 1731 arte
366 1681 631 1732 Mufivaria
645 1721 660 1742 ,
681 1693 736 1738 ὼ·
753 1689 1032 1751 quadraturia
1042 1724 1057 1744 ,
1077 1709 1133 1737 ex
1152 1693 1246 1755 qui-

256 1752 335 1801 bus
351 1751 434 1797 alii
454 1743 667 1816 Absidam
681 1781 696 1803 ,
726 1750 781 1792 <5⁶
801 1753 967 1793 Arcum
982 1779 997 1800 ‚
1016 1760 1142 1810 atque
1160 1765 1245 1794 ‘ve-

258 1819 470 1872 =ft'ibulum
487 1818 665 1883 majoris
681 1810 875 1881 Basilicae
896 1811 1094 1863 Mufivo
1116 1834 1246 1864 come-

258 1905 357 1943 rent
376 1910 389 1949 3
423 1890 505 1938 alii
522 1892 630 1938 ‘verb
649 1889 781 1935 totius
800 1884 990 1952 Ecclesiae
1010 1890 1248 1950 pavimen-

258 1979 353 2012 tum
382 1957 659 2026 diversbrum
685 1955 874 2022 lapidum
899 1959 1121 2003 varietate
1145 1973 1245 2003 con-

260 2033 506 2082 sternerent
521 2063 531 2073 .
570 2026 775 2102 Qarum
802 2028 962 2073 artium
982 2041 1083 2073 tunc
1104 2030 1145 2073 ei
1175 2026 1249 2074 de-

261 2103 428 2152 ft'inati
444 2096 675 2167 Magistri
708 2101 825 2162 cujus
851 2093 1133 2163 perseiiionis
1168 2115 1245 2144 ex-

263 2173 442 2221 titerint
461 2204 477 2225 ‚
511 2174 560 2217 in
587 2187 723 2219 eorum
749 2166 815 2215 ef}
844 2166 1032 2229 operibus
1057 2167 1246 2215 aeft'ima-

264 2246 336 2302 ri3
360 2243 453 2288 citm
477 2242 533 2289 (3·
551 2242 602 2285 in
618 2235 813 2288 Mufivo
832 2235 1154 2304 animatasfere
1169 2254 1246 2285 au-

266 2325 399 2362 tumet
416 2311 468 2377 se
495 2311 667 2378 quisque
676 2312 847 2378 figuras
865 2344 881 2366 ‚
911 2312 967 2358 (Y
984 2327 1146 2377 queque
1165 2312 1247 2358 vi-

268 2384 410 2431 rentia
428 2400 594 2429 cernere
613 2418 628 2439 ,
657 2385 711 2430 (9¹
729 2384 776 2427 in
798 2379 1081 2429 marmoribus
1109 2384 1247 2428 omni-

263 2456 420 2522 genum
434 2453 612 2500 colorum
619 2451 751 2519 flores
764 2449 944 2514 pulchre}
953 2464 1075 2515 putet
1092 2450 1248 2500 diver-

257 2524 392 2592 sttate
407 2538 597 2571 ‘vernare
613 2558 623 2568 .
655 2521 714 2570 Et
732 2525 926 2586 quoniam
947 2525 1109 2569 artium
1138 2522 1251 2571 iffa-

271 2613 364 2641 rum
388 2597 610 2658 ingenium
635 2597 660 2642 ῖι
680 2595 928 2659 quingentis
952 2604 1006 2640 &⁶
1025 2593 1141 2639 ultra
1149 2596 1251 2655 jam

271 2668 399 2711 annis
425 2662 662 2731 Magistra
684 2662 909 2712 Latinitas
928 2663 1221 2731 intermiserat
1234 2698 1250 2719 ,

272 2737 329 2783 &⁵
345 2733 491 2781 studio
509 2736 636 2797 hujus
660 2734 898 2801 inspirante
911 2767 925 2788 ‚
957 2736 1010 2782 Φ·
1027 2748 1247 2799 cooperan-

272 2821 315 2852 te
342 2802 434 2851 Deo
455 2804 598 2852 nostro
616 2838 631 2858 ,
662 2805 736 2851 hoc
766 2817 946 2868 tempore
966 2818 1249 2868 recuperare-2

262 2877 519 2941 promeruit,
532 2874 694 2938 neshne
711 2872 763 2920 id
773 2876 889 2922 ultra
907 2877 956 2921 in
973 2872 1108 2925 Itali-1
1125 2875 1249 2940 depe-

274 2949 411 2998 riret,
439 2943 612 2992 studuit
643 2947 726 2990 vir
753 2948 882 2992 totius
904 2945 1142 3008 prudentie
1158 2948 1249 3010 ple-

271 3015 414 3081 rosque
445 3013 498 3061 de
532 3009 805 3062 Monasslerii
835 3019 978 3078 pueris
1015 3016 1249 3084 diligenter

275 3084 429 3151 iisdem
447 3082 612 3132 artibus
630 3083 819 3131 erudiri.
861 3081 966 3150 Ipsa
992 3103 1014 3133 e
1018 3085 1246 3147 jusdem-2

276 3151 502 3205 Ostienlis
537 3151 683 3201 verba
717 3154 900 3210 retuli,
937 3165 989 3200 ut
1026 3170 1249 3222 appareat

278 3229 420 3292 quam
457 3221 605 3271 facilis
643 3222 700 3271 ad
738 3219 973 3273 efferenda
1010 3223 1248 3277 Defiderii

1469 1480 1567 1532 Uo
1594 1473 1783 1525 tantum
1822 1477 1870 1522 in
1901 1489 2104 1543 operum
2132 1467 2284 1520 Musi-

1481 1566 1656 1598 vorum
1671 1543 2020 1613 compositione
2038 1545 2287 1608 requirun-

1296 1635 1377 1669 tur
1392 1657 1408 1679 ,
1429 1621 1582 1688 lapilli
1599 1617 1828 1668 videlicet
1843 1652 1859 1674 ‚
1877 1618 1928 1666 &
1943 1617 2110 1684 gluten
2127 1635 2142 1673 3
2159 1610 2288 1659 ideo-

1299 1709 1391 1757 que
1420 1691 1577 1757 primo
1607 1689 1667 1738 de
1688 1688 1864 1755 lapilli-s
1883 1723 1899 1742 ,
1924 1703 2046 1755 ‚mox
2064 1683 2123 1731 de
2142 1682 2288 1755 gluti-

1301 1767 1359 1798 ne
1390 1758 1688 1797 disseremus.
1727 1759 2021 1812 Antiquiora
2053 1752 2290 1797 Muliva„

1299 1837 1446 1889 opera
1481 1836 1540 1867 ex
1577 1813 1796 1885 lapidum
1834 1816 1997 1866 crustis
2034 1814 2289 1869 constitiffe

1297 1885 1644 1957 quisbambigat
1657 1921 1674 1943 ,
1702 1884 1813 1934 cum
1840 1905 1898 1935 ex
1918 1890 2055 1936 Sacra
2075 1891 2288 1955 Scriptu-

1299 1977 1381 2015 ra,
1409 1958 1459 2007 &
1487 1974 1546 2005 ex
1574 1958 1730 2004 Plinio
1759 1954 1898 2025 supra
1924 1958 2084 2007 relatis
2110 1957 2162 2006 id
2183 1960 2286 2008 evi-

1299 2029 1467 2079 denter
1494 2040 1718 2094 appareat
1737 2033 1757 2075 ἑ

1370 2098 1466 2147 Sub
1483 2097 1687 2166 Augusti
1705 2097 1879 2146 deinde
1899 2109 2119 2166 tempora
2134 2137 2151 2158 ,
2176 2098 2286 2149 cum

1301 2168 1633 2237 summopere,
1672 2186 1724 2215 ac
1750 2171 1933 2217 mirum
1959 2171 2008 2218 in
2042 2172 2286 2220 modum-2

1300 2245 1637 2291 Romanorum
1668 2240 1858 2307 ingenia
1893 2239 2163 2303 florerent,
2201 2261 2286 2291 no-

1300 2329 1421 2362 vum
1450 2309 1631 2377 prodiit
1652 2311 1907 2358 inventum
1939 2313 1958 2366 (
1978 2325 2029 2359 ut
2048 2329 2106 2360 ex
2129 2314 2287 2363 Plinio

1301 2382 1610 2444 audivimus)
1631 2380 1858 2447 pingendi
1879 2378 2060 2430 scilicet
2077 2382 2286 2432 nobilio·

1300 2473 1371 2503 res
1388 2453 1626 2518 Imagines
1642 2468 1701 2499 ex
1718 2452 1833 2498 vitri
1850 2448 2058 2500 frustulis
2075 2471 2170 2502 non
2190 2472 2286 2503 uno

1303 2522 1450 2574 modo
1471 2522 1692 2569 coloratis
1710 2538 1851 2589 opere
1871 2520 2138 2572 encaustico
2158 2561 2169 2571 .
2193 2524 2287 2573 Sed

1304 2597 1407 2664 quis
1434 2593 1552 2640 hanc
1579 2605 1731 2639 artem
1751 2593 2019 2652 invenerit,
2048 2592 2109 2642 ob
2145 2594 2284 2644 filen-

1302 2670 1426 2715 tium
1449 2664 1752 2728 antiquorum
1773 2663 1892 2711 latet
1907 2699 1919 2710 .

1376 2735 1508 2784 Vitri
1539 2734 1871 2801 preparatione
1903 2731 2151 2784 brevitatis
2170 2728 2285 2804 ergo

1303 2802 1499 2861 omissa,
1512 2802 1621 2851 crim
1639 2804 1905 2851 luculenter
1921 2803 1978 2852 de
1996 2805 2077 2852 illa
2096 2805 2285 2874 scripse-

1303 2879 1365 2924 rit
1391 2877 1566 2923 Nerius
1594 2876 1642 2920 in
1671 2876 1786 2923 Arte
1801 2879 2028 2932 vitraria,
2055 2877 2113 2925 ad
2143 2874 2286 2943 ipsius

1303 2946 1572 2995 coctionem
1606 2962 1683 2992 me
1717 2942 1907 2994 confero
1939 2947 2102 3001 (unde
2128 2964 2284 2995 encau-

1301 3019 1417 3067 ft'um
1429 3018 1596 3063 Graeco
1616 3013 1852 3064 vocabulo
1870 3017 2070 3080 dicitur)
2085 3036 2170 3065 nec
2188 3034 2283 3064 non

1300 3087 1358 3135 ad
1374 3087 1608 3152 reliquam
1636 3087 1922 3153 politionem
1943 3122 1959 3143 ,
1985 3105 2084 3152 quse
2107 3089 2178 3135 illi
2203 3085 2283 3134 ad·-

1302 3154 1508 3206 hibenda
1525 3154 1588 3204 est
1602 3192 1617 3213 ,
1648 3170 1902 3224 antequam
1930 3156 2189 3224 parietibus
2210 3159 2281 3204 in-

1306 3226 1427 3284 seri,
1464 3228 1900 3297 componendisque
1932 3225 2092 3296 figuris
2123 3229 2284 3278 valeat

1307 3295 1521 3366 usurpari
1537 3333 1546 3345 .
2159 3294 2286 3348 Cum
