2425 3747
0 3470 5 3486 ‘'
0 3370 9 3410 „·-
0 2799 20 3359 2<me*<tu—xm
0 2746 6 2783 *f*
6 2693 10 2713 Α,

766 221 1270 278 CAPUT
1367 218 1543 272 XIX.

136 302 388 372 Apostoli,
408 305 538 363 qu'us
556 296 816 346 meminere
838 293 1084 345 Galefinus
1097 333 1114 356 ‚

138 375 383 422 Galvanus
395 407 411 428 ,
428 368 699 423 TristanUS,
715 367 921 416 Calchus
939 403 951 415 .
980 367 1112 418 Vide

135 445 338 511 Ughell.
360 455 479 489 tom.
496 458 543 501 4.
566 456 670 506 pag.
692 441 770 496 58.

478 511 622 558 Anno
648 511 758 564 189.

205 582 421 651 Fulginei
438 617 454 638 ,
492 577 591 646 post
610 576 898 627 Idololatriae
919 575 1109 628 subver-

132 650 340 709 fionem,
375 650 576 698 surrexit
592 644 787 695 Basilica
807 647 1019 696 Palatina
1034 686 1050 707 ,
1082 651 1108 697 ἒι

132 724 370 773 Feliciano
389 719 621 787 Episcopo
645 720 692 765 in
708 718 942 766 honorem
966 722 1110 787 D.Jo-

134 794 265 839 annis
281 789 494 858 Baptistae
514 789 702 837 sacrata.
723 787 920 857 Ughell.
936 803 1051 838 tom·
1063 809 1104 839 1.

134 880 265 910 num.
286 881 332 925 4.
353 864 475 909 circa
496 858 640 908 finem
659 895 671 904 .

478 934 621 978 Anno
645 946 760 992 204.

203 999 447 1070 Syracufis
462 1000 730 1068 Eutychius
746 1000 912 1049 Praesul
934 1004 1106 1050 Oratov

133 1074 260 1119 rium
293 1075 344 1118 B.
372 1074 578 1120 Andreae
598 1066 831 1136 Apostolo
860 1075 1103 1130 extruxit,

131 1145 181 1191 ὃ(
199 1139 494 1190 consecravit
510 1177 521 1186 .
546 1140 764 1188 Rocchus
792 1140 1003 1205 Pyrrhus
1027 1144 1101 1191 Si-

130 1216 238 1262 ciliae
263 1214 401 1261 Sacrae
433 1225 550 1258 tom.
571 1227 616 1256 2.
640 1227 743 1275 pag.
770 1227 879 1272 124.
903 1218 943 1264 ΑΓ
965 1211 1101 1274 Euty-³

130 1285 249 1332 chius
265 1317 281 1338 ‚
309 1298 438 1328 num.
467 1290 543 1327 16.
569 1277 651 1325 ubi
672 1280 790 1325 citat
809 1278 1030 1327 Schobar.

469 1353 614 1397 Anno
643 1365 667 1394 2
679 1363 758 1408 50.

197 1425 410 1469 Mantuae
439 1419 535 1468 duo
555 1420 733 1486 templa
754 1420 845 1466 BB.
862 1420 1106 1488 Apostolis

125 1493 266 1541 Petro
282 1492 332 1540 &
348 1491 492 1538 Paulo
508 1491 709 1558 populus
730 1491 981 1549 excitavit,
996 1509 1107 1558 quo-

127 1580 236 1609 rum
259 1560 381 1609 illud
400 1564 461 1608 D.
478 1561 603 1609 Petri
626 1557 829 1608 Ecclesia
848 1563 1107 1611 Caffiedra·

127 1633 184 1680 lis
209 1628 359 1681 evafit
375 1666 385 1676 .
408 1631 606 1698 Ughell.
626 1643 744 1679 tom.
770 1650 809 1678 1.
829 1641 1069 1700 pag.926.

476 1703 621 1748 Anno
643 1718 666 1746 2
679 1718 758 1762 54.
958 1705 963 1707 “

199 1772 351 1839 Prope}
371 1771 657 1837 Fulgineum
675 1806 691 1827 ‚
722 1771 961 1838 templum
987 1774 1106 1821 Rea<-

125 1842 188 1890 tis
204 1842 434 1890 Heraclio
454 1842 504 1889 &
521 1843 694 1888 Mauro
716 1840 1021 1907 Martyribus
1040 1842 1108 1891 dia

125 1923 289 1958 catum
314 1907 407 1956 fuit
424 1946 441 1967 ,
483 1907 643 1975 ibique
667 1909 931 1958 Castellum
952 1914 1108 1960 Hera-

122 1981 277 2027 clium
296 1978 651 2036 constructum,
679 1976 807 2045 quod
838 1978 981 2030 hodie
1014 1978 1108 2029 fra-

125 2051 206 2100 &o
225 2062 398 2117 etymo
427 2050 600 2116 vulgus
619 2051 834 2101 Rachium
867 2051 1104 2118 appellat.

126 2121 328 2187 Ughell.
352 2132 468 2167 tom.
492 2138 532 2166 1.
552 2138 657 2187 pag.
674 2134 789 2184 734.
808 2136 940 2167 num.
958 2137 1003 2182 5.

482 2192 623 2238 Anno
648 2207 764 2249 270.

194 2264 352 2310 Zama
371 2261 419 2306 in
440 2261 558 2308 vicis
576 2261 798 2309 Bononiae
817 2258 979 2309 sedem
1000 2259 1105 2310 fixit

125 2330 476 2400 Episcopalem,
490 2327 571 2378 ubi
592 2332 641 2377 in
663 2329 948 2396 obsequium
965 2333 1105 2382 B.P-e-

126 2405 190 2449 tri
212 2420 415 2468 parvum
434 2401 660 2449 sacellum
684 2403 926 2459 extruxit,
944 2403 992 2449 in
1011 2420 1105 2469 quo

127 2469 225 2539 ipse
248 2507 263 2528 ‚
295 2489 346 2518 ac
379 2477 476 2534 ejus
507 2469 736 2520 succeffor
766 2471 1007 2520 Faustinus
1036 2470 1102 2522 se-

127 2543 253 2611 pulti
289 2538 418 2589 fuere
437 2577 447 2587 .
478 2541 678 2607 Ughell.
710 2556 828 2591 tom.
849 2560 895 2607 2⁷·
929 2561 1033 2612 pag.
1055 2549 1101 2592 8.

128 2615 199 2662 lit.
222 2614 273 2659 B.
296 2629 427 2659 num.
447 2629 492 2658 2.

474 2685 618 2731 Anno
643 2701 706 2742 27
716 2698 758 2741 3.

199 2757 484 2803 Interamnae
512 2755 538 2802 ἒι
559 2751 800 2822 discipulis
819 2754 862 2799 S.
881 2756 1101 2804 Valenti-

128 2827 179 2873 ni
200 2825 438 2891 templum
466 2820 724 2873 fundatum
742 2820 862 2872 fuit.
904 2825 1101 2895 Ughell.

125 2907 247 2944 tom.
275 2914 315 2943 1.
341 2912 446 2962 pag.
467 2899 493 2943 8
510 2913 585 2942 10.

474 2970 620 3012 Anno
645 2980 761 3025 275.

197 3034 348 3083 Haud
367 3036 536 3102 procul
564 3037 590 3083 ἒι
618 3037 730 3084 Sora
747 3071 765 3092 ,
799 3036 947 3102 pietas
964 3036 1101 3086 Fide-

129 3106 250 3155 lium
265 3107 418 3154 erexit
436 3105 672 3172 templum
687 3106 735 3152 in
748 3105 982 3155 honorem
999 3110 1107 3155 San-

129 3176 213 3225 &ae
240 3174 483 3224 Restitutae
503 3175 720 3242 Virginis
748 3176 799 3225 &
826 3180 1068 3246 Martyris
1088 3212 1099 3225 .

129 3244 390 3363 UghellIius
407 3259 524 3295 tom.
548 3266 586 3296 1.
608 3263 713 3314 pag.
736 3254 848 3308 156.
868 3265 1000 3298 num.
1023 3268 1066 3298 1.

199 3317 303 3368 Par.
336 3350 346 3361 .

2040 231 2128 271 161

1337 344 1382 390 C
1416 342 1465 389 A
1502 341 1536 387 P
1573 340 1627 392 U
1662 337 1710 387 T
1783 342 1831 387 X
1853 341 1876 386 I
1894 341 1958 388 X.

1160 457 1231 506 De
1233 454 1399 522 firmis
1412 455 1447 504 S
1449 455 1733 519 epulchrorum
1746 472 1835 522 tam
1852 451 1967 517 apud
1975 450 2135 502 Ethni-

1230 546 1321 581 cos,
1348 531 1471 592 qudm
1491 526 1606 589 apud
1620 525 1838 581 Hebraeos,
1855 527 1921 573 ’ὠ
1937 527 2136 591 antiquos

1231 597 1410 646 Christi
1426 597 1598 646 Fideles
1615 616 1625 641 :
1654 596 1705 644 de
1725 598 1938 644 memoriis
1954 593 2133 661 Marty-

1230 683 1352 722 rum,
1369 668 1448 733 fi’u
1469 664 1741 730 Martyriis,
1774 682 1848 714 aut
1863 661 2138 733 Conseffioni-

1230 733 1414 792 bussvel
1423 735 1784 789 Ciboriisznecnon
1802 736 1854 784 de
1868 735 2132 803 Basiliculis.

1161 852 1326 991 M
1342 858 1462 909 ULT
1477 872 1504 904 A
1517 874 1535 903 s
1558 853 1796 922 hucusque
1823 853 2137 923 congessimus

1363 923 1473 974 cum
1489 923 1726 973 sacrorum
1743 963 1757 983 ‚
1791 939 1894 973 tum
1916 926 2134 994 profano-

1158 1016 1265 1046 rum
1289 993 1601 1047 aedificiorum
1630 999 1856 1052 notitias,
1888 998 1936 1042 in
1963 995 2134 1062 quibus

1158 1070 1373 1117 homines
1410 1067 1547 1128 hujus
1578 1066 1747 1114 mundi
1780 1068 1988 1114 viatores
2018 1085 2135 1114 con-

1157 1140 1343 1207 gregari
1364 1134 1644 1184 consuetum
1665 1133 1757 1182 fuit
1772 1171 1782 1181 .
1811 1139 1881 1183 At
1897 1135 1955 1182 de
1978 1134 2135 1203 sepul-

1156 1210 1277 1257 chris
1293 1244 1310 1265 ,
1347 1208 1395 1253 in
1417 1205 1586 1272 quibus
1619 1205 1768 1253 iidem
1798 1205 1989 1270 expleto
2014 1208 2104 1255 viae
2119 1214 2141 1264 ‚'

1156 1281 1361 1344 vitaeque
1393 1277 1598 1325 termino
1628 1274 1989 1332 coadunantur,
2024 1273 2136 1324 curn

1156 1350 1216 1397 ne
1245 1345 1452 1397 verbum
1473 1344 1669 1411 quidem
1688 1342 1966 1400 facerimus,
1996 1358 2140 1410 atque

1158 1420 1240 1467 illa
1258 1417 1446 1485 quoquc}
1479 1414 1562 1463 sub
1586 1413 1732 1463 sacras
1750 1410 1967 1462 Ecclefiae
1998 1427 2135 1463 vete-

1159 1491 1220 1537 ris
1247 1488 1502 1537 memorias
1520 1522 1535 1542 ,
1560 1500 1614 1533 ut
1633 1499 1816 1554 partes,
1848 1503 1901 1532 ac
1919 1482 2136 1532 membra

1159 1561 1357 1609 veniant
1373 1595 1390 1616 ‚
1428 1557 1657 1625 peculiari
1687 1557 1776 1604 hoc
1797 1556 1951 1622 capite
1979 1552 2036 1603 de
2054 1551 2142 1604 eis-¹

1160 1633 1272 1680 dem
1302 1625 1519 1677 differere
1535 1624 1864 1676 constituimus
1884 1661 1896 1671 .

1163 1741 1165 1744 .
1243 1698 1334 1746 Sed
1365 1710 1420 1744 ut
1451 1712 1553 1743 rem
1585 1694 1723 1742 altius
1758 1694 2006 1741 ordiamur
2029 1728 2046 1749 ‚
2083 1695 2137 1744 &

1159 1784 1452 1834 exequamur
1474 1762 1696 1822 uberius,
1722 1762 2142 1812 animadvertere„

1159 1851 1380 1907 oportet,
1409 1834 1621 1885 finitimae
1647 1831 1873 1899 cujusque
1902 1834 2108 1881 nationis
2125 1869 2142 1891 ,

1161 1928 1213 1956 ac
1232 1909 1397 1975 populi
1413 1906 1610 1973 genium
1628 1901 1716 1953 effe
1733 1940 1749 1961 ,
1768 1906 1885 1951 ritus
1912 1922 1963 1950 ac
1982 1921 2140 1952 mores

1159 1978 1450 2026 adinvicem
1478 1987 1701 2022 mutuare
1719 2009 1736 2030 ,
1768 1970 1952 2038 suisque
1981 1975 2139 2020 tenaci

1158 2045 1378 2098 insitione
1398 2045 1624 2113 copulare
1641 2080 1657 2102 ‚
1684 2045 1808 2091 itaut
1825 2042 1935 2090 inde
1954 2054 2140 2109 tempo-

1157 2120 1219 2167 ris
1238 2115 1371 2185 lapsu
1398 2115 1604 2171 divelli,
1633 2133 1685 2161 ac
1711 2110 1914 2163 rescindi
1939 2113 2142 2160 minime}

1158 2186 1332 2257 poffint
1351 2223 1362 2233 .
1401 2188 1513 2234 Hoc
1540 2197 1703 2232 autem
1732 2181 1768 2231 si
1795 2184 1870 2231 cui
1891 2184 2142 2249 gentium,

1157 2262 1207 2307 in
1228 2255 1314 2306 usu
1333 2256 1540 2304 maxime}
1558 2253 1652 2302 fuit
1668 2253 1973 2308 Christianis,
2001 2264 2140 2318 utpo-

1159 2343 1205 2379 te
1224 2331 1307 2396 qui
1323 2328 1381 2375 ab
1400 2326 1613 2374 Ethnicis
1637 2342 1731 2373 non
1758 2321 2020 2385 interjve&is
2047 2321 2142 2369 flu*

1157 2402 1354 2451 viorum
1376 2399 1524 2446 alveis
1545 2393 1689 2444 divifi
1707 2431 1724 2452 ,
1750 2394 1830 2443 vel
1852 2391 1980 2443 vasto
1999 2409 2140 2440 mon-.-

1158 2473 1315 2527 tium,
1342 2482 1424 2516 aut
1447 2467 1588 2516 maris
1614 2465 1769 2514 traciu
1799 2461 1994 2527 sejuncti
2011 2497 2028 2518 ‚
2060 2461 2138 2511 sed

1156 2543 1206 2588 in
1242 2538 1439 2588 urbibus
1473 2534 1739 2586 eorundem
1766 2570 1782 2591 ,
1830 2552 1882 2581 ac
1917 2531 2139 2581 domibus

1155 2609 1420 2681 promiscue
1454 2606 1723 2676 degebant.
1764 2606 1882 2669 Qae
1910 2615 1963 2649 ut
1991 2619 2136 2651 manu

1154 2678 1472 2748 unusquisque
1510 2690 1704 2744 tangat,
1742 2686 1909 2743 praeter
1943 2689 1999 2720 ea
2036 2691 2139 2738 quae

1154 2750 1348 2821 sparsim
1381 2750 1491 2798 huic
1513 2749 1666 2815 Operi
1697 2746 1755 2794 ad
1774 2743 1901 2793 idem
1933 2740 2138 2810 proban-

1157 2824 1277 2872 dum
1304 2818 1475 2869 inserta
1494 2818 1630 2875 sunt»,
1658 2815 1888 2865 nonnulla
1918 2811 2134 2875 iubjicie-

1156 2912 1262 2942 mus
1285 2910 1344 2941 ex
1362 2892 1418 2939 iis
1433 2927 1449 2948 ,
1465 2908 1565 2956 quae
1585 2888 1699 2936 licet
1718 2882 1938 2953 improba
1952 2918 1967 2940 ,
1988 2901 2040 2930 ac
2058 2881 2132 2929 su-

1157 2959 1448 3034 perstitiosa,
1469 2959 1686 3028 primaevi
1708 2954 1885 3007 Christi
1904 2952 2087 3002 Fideles
2106 2953 2133 3000 εὶ

1157 3031 1432 3084 Gentilibus
1458 3028 1771 3098 usurparunt,
1800 3029 1850 3079 &
1868 3023 1947 3073 sua
1967 3017 2132 3068 effece«

1157 3118 1269 3155 rUnt
1285 3141 1296 3151 .

1224 3177 1440 3224 Primum
1458 3170 1515 3220 fit
1542 3170 1601 3220 de
1626 3160 2129 3230 Kalendisjanuariis‚

1157 3247 1214 3297 de
1241 3245 1408 3315 quibus
1438 3240 1645 3293 Albinus
1674 3238 1896 3289 Flaccus,
1925 3227 2129 3306 five-Al<

1627 3311 1678 3358 X
1960 3315 2128 3345 culnus
