2425 3747
709 183 1213 239 CAPUT

64 260 252 312 Deinde
279 260 413 308 aliud
440 277 497 309 ex
516 255 703 309 Ovidio
723 293 733 304 .

133 330 262 405 Qot
285 333 429 380 coelum
446 331 634 383 Stellas,
669 344 733 377 tot
769 325 896 376 habet
920 343 1038 379 tuen,

205 403 345 453 Roma
363 403 530 468 puellas
547 434 558 444 -

1315 182 1345 234 Ι
1355 183 1383 234 Ι
1397 182 1433 235 I.
2008 211 2032 239 2

1091 256 1209 304 tudo
1224 292 1239 314 ‚
1257 252 1367 304 cum
1384 272 1478 303 non
1494 252 1646 303 solum
1664 273 1783 304 voce
1800 261 1816 315 ᾗ
1846 211 2072 323 picturis?

1089 329 1139 378 δε
1157 323 1353 374 mufivis
1374 325 1624 394 operibus,
1645 333 1817 374 verum
1836 329 1983 377 etiam
2008 332 2069 379 ad

1092 398 1143 445 id
1158 394 1492 462 assequendum
1508 393 1759 463 sculpturis
1775 398 2043 447 niterentur
2058 438 2068 447 .

66 474 192 520 Item
222 472 313 521 alia
349 471 444 519 duo
473 469 670 518 Horatii
694 470 744 516 in
770 475 891 517 Arte
924 468 1041 517 Poe·
1095 467 1187 517 Sed
1202 473 1300 530 jam
1314 465 1373 514 ad
1387 470 1759 535 caeterasJanuas
1771 468 2069 520 accedamus.

66 543 160 590 tica
184 578 195 590 .

132 612 235 664 Non
250 613 368 679 fittis
395 611 464 660 eff
483 611 667 677 pulchra
691 611 773 678 effi
797 627 994 676 poemata
1013 645 1030 669 ‚

202 683 347 731 dulcia
361 682 493 749 fiento
507 705 522 743 3

131 753 192 803 Et
219 759 454 821 quocunque
480 755 665 810 volent,
700 758 891 804 animum
908 751 1035 801 audi-

200 828 310 873 toris
338 840 494 892 agunto
509 860 520 870 .

60 892 252 962 Qibus
271 893 490 941 addimus
521 910 582 942 ex
614 892 831 958 ejusdem
862 890 1034 945 Ovidii

63 964 389 1031 Metamorph.

133 1038 316 1104 Colligit
329 1050 517 1084 amentes
532 1070 548 1092 ,
574 1040 631 1086 &¹
643 1036 778 1085 adhuc
792 1051 951 1085 terrore
957 1046 1037 1099 pa-

201 1122 360 1156 ventes

129 1175 313 1227 Phoebus
332 1194 453 1243 equos
471 1211 482 1222 .

59 1249 121 1296 Et
140 1264 200 1295 ex
219 1245 409 1312 Idyllio
438 1264 455 1291 1
473 1264 512 1291 1.
536 1243 743 1294 Ausonii
765 1281 777 1292 .

131 1319 218 1369 Vel
237 1319 328 1365 tria
349 1319 552 1381 potanti,
585 1317 670 1366 ‘vel
689 1333 767 1365 ter*
776 1319 867 1364 tria
887 1315 1035 1363 multi-

197 1388 388 1454 plicanti
402 1423 413 1433 .

59 1459 223 1529 Qare
250 1475 347 1506 non
379 1454 486 1505 satis
510 1456 628 1506 mihi
657 1456 889 1524 probatur
912 1454 1038 1521 judi-

59 1533 188 1578 cium
205 1529 401 1577 illorum
416 1563 432 1585 ,
452 1530 534 1595 qui
556 1546 615 1576 ex
636 1526 910 1591 hujusmodi
937 1544 1038 1576 car-

57 1603 249 1649 minum
265 1598 454 1649 textura
471 1612 659 1666 tempus
675 1613 881 1667 arguunt
895 1620 909 1659 3
924 1615 1040 1665 quo-

58 1673 133 1721 vis
155 1671 330 1737 quippe
350 1667 517 1718 saeculo
532 1668 746 1720 accidere
767 1671 928 1738 potuit
943 1705 959 1725 ,
987 1680 1041 1714 ut

59 1742 385 1809 reperirentur
412 1740 597 1796 Poetae,
633 1742 714 1806 qui
744 1754 897 1789 artem
927 1757 1040 1804 pan-

58 1810 202 1880 gendi
219 1808 395 1858 slmiles
410 1808 572 1858 versus
588 1825 805 1858 amarent
818 1847 828 1856 .
848 1805 1040 1860 Verum

58 1879 178 1948 quid
209 1876 268 1927 fit
298 1878 356 1928 de
386 1876 693 1946 istiusJanuae
724 1878 1040 1942 antiquitate,

58 1950 143 2000 suo
169 1947 368 2017 quisque
392 1967 476 2016 pro
497 1947 731 1996 arbitratu
747 1946 1002 2010 dijudicet.

134 2019 642 2070 Animadvertendum
659 2031 819 2067 tamen
835 2016 918 2075 est,
930 2034 1044 2085 prae-

59 2091 423 2160 fatamJanuam
441 2090 605 2139 locum
621 2124 638 2148 ‚
654 2086 734 2137 seu
754 2086 898 2137 fitum
915 2090 1039 2136 anti-

62 2180 214 2231 quum
240 2179 334 2209 non
364 2161 599 2216 retinere,
628 2156 737 2207 cum
759 2161 880 2208 olim
903 2162 1041 2208 Hen-

63 2237 187 2281 ricus
216 2229 484 2282 Cardinalis
515 2233 801 2293 Cajetanus,
827 2227 1042 2292 ejusdem

62 2301 278 2353 Ecclefiae
295 2301 530 2350 Titularis
543 2336 558 2358 ‚
586 2301 703 2348 hanc
725 2299 1044 2351 collabentem

64 2394 159 2424 non
175 2371 330 2422 solCim
345 2371 695 2427 restauraverit,
711 2368 879 2419 verum
896 2373 1044 2420 etiam

65 2442 206 2494 altius
237 2444 498 2500 extulerit,
527 2441 644 2490 dum
674 2441 734 2489 ob
762 2438 937 2490 affidue
969 2439 1045 2490 su-

65 2516 429 2587 pervenientem
458 2514 482 2561 e
510 2525 674 2561 monte
706 2513 929 2580 proximo
957 2525 1048 2562 ter-

65 2605 170 2634 ram
182 2621 197 2643 ,
212 2583 382 2633 obruta
396 2579 490 2632 fert}
509 2582 709 2645 jacebat:
724 2584 869 2650 quare
888 2580 1048 2631 amota.

65 2654 192 2706 terra³
206 2692 222 2713 ,
238 2657 288 2706 ὃς
309 2673 439 2703 novo
453 2651 634 2704 fornice
652 2652 711 2702 ad
729 2652 941 2702 mediam
956 2656 1044 2701 Ec-

23 2749 28 2754 ·
67 2725 214 2776 clesiae
245 2725 555 2775 altitudinem
588 2723 857 2774 construsto
874 2761 889 2782 ,
928 2725 1045 2792 pent}

66 2800 157 2847 viae
173 2797 400 2846 anteriori
415 2794 874 2864 coequavit,reliquz'i¹
887 2796 1048 2844 Eccle-

66 2868 140 2919 fiae
155 2866 414 2917 medietate
429 2864 513 2914 sub
533 2885 663 2916 novo
684 2862 865 2916 fornice
892 2884 1044 2916 rema·

1194 536 1406 587 Secunda
1433 539 1581 605 igitur
1622 556 1681 587 ex
1710 540 1799 595 iis,
1845 558 1957 606 quas
1988 558 2067 607 pe-

1089 608 1257 657 culiari
1279 605 1692 662 animadversione
1710 608 1876 677 dignas
1909 609 2069 659 cense-

1088 697 1214 735 mus,
1235 676 1301 726 est
1313 683 1454 742 janua
1468 676 1686 728 Ecclefiae
1705 681 2004 730 S.Laurentii
2023 683 2070 728 in

1090 753 1226 818 Agro
1244 752 1469 808 Vesano,
1507 752 1639 809 cujus
1665 752 1913 819 exemplar
1939 770 2065 820 pono

1090 824 1138 872 in
1155 818 1278 867 Tab.
1299 823 1447 870 XVI.
1480 822 1537 868 In
1569 815 1748 867 infimis
1773 820 1912 885 hujus
1940 824 2035 871 oris
2054 858 2071 879 ,

1090 891 1172 942 seu
1198 892 1246 938 in
1274 890 1482 958 postium
1502 892 1811 941 extremitate
1843 890 2073 960 conspici-

1091 978 1169 1011 tur
1184 960 1390 1019 Leo,sub
1409 959 1510 1030 ipso
1527 959 1657 1030 poste
1671 961 1948 1026 jacens,five
1964 962 2076 1011 inde

1092 1030 1356 1105 prosiliens,
1371 1034 1509 1096 eique
1527 1033 1681 1080 veluti
1698 1051 1784 1099 pro
1805 1030 1900 1081 bafi
1916 1033 1995 1082 est.
2019 1037 2076 1082 In

1094 1100 1258 1153 medio
1285 1099 1515 1168 Epistylii
1537 1098 1625 1147 stat
1649 1103 1831 1166 Aquila
1862 1102 2076 1169 expansis

1094 1176 1178 1224 alis
1191 1173 1270 1231 ,ἃ
1283 1188 1442 1238 ungue
1458 1172 1738 1236 Serpentem
1755 1183 1916 1218 tenens
1932 1206 1942 1217 .
1958 1173 2076 1220 Haec

1093 1244 1321 1294 animalia
1335 1259 1432 1290 non
1453 1239 1513 1289 ad
1530 1238 1800 1308 fimplicem
1818 1254 2043 1289 ornatum
2061 1279 2077 1299 ,

1090 1315 1171 1367 sed
1191 1316 1240 1364 &
1271 1311 1330 1362 ad
1352 1310 1550 1378 aliquod
1569 1307 1856 1381 symbolum
1874 1310 2074 1361 demon-

1090 1384 1334 1437 strandum
1354 1379 1568 1451 profesto
1586 1380 1737 1449 polita
1752 1380 1875 1430 sunt:
1892 1383 1982 1431 hoc
1999 1402 2080 1430 au-

1091 1474 1195 1508 tem
1221 1455 1361 1523 quale
1380 1453 1438 1502 fit
1465 1454 1745 1521 indagemus
1765 1490 1774 1499 .
1807 1454 1976 1503 Audio
1995 1454 2080 1502 sta-

1092 1532 1185 1580 tim
1214 1522 1400 1583 afferri,
1426 1526 1612 1574 Leones
1638 1525 1851 1575 Familiae
1881 1526 2080 1589 alicujus

1092 1599 1272 1672 gentile
1295 1600 1505 1646 Stemma
1534 1591 1669 1646 fuisse
1689 1631 1706 1653 ,
1744 1594 1889 1662 idque
1911 1596 2078 1663 colligi

1093 1667 1219 1741 posse
1245 1686 1304 1717 ex
1324 1668 1505 1734 Aquila
1530 1670 1815 1735 Serpentem
1842 1666 2081 1733 unguibus

1093 1744 1349 1806 stringente
1380 1773 1395 1793 ,
1434 1755 1534 1805 quae
1567 1735 1754 1805 Infigne
1789 1734 2079 1786 Guelforum

1092 1808 1182 1861 else
1209 1821 1405 1874 putatur
1420 1842 1431 1852 .
2086 1867 2089 1870 ι

1162 1880 1351 1925 Notum
1368 1872 1556 1921 abunde
1573 1874 1666 1920 illis
1681 1876 1745 1922 est
1757 1910 1771 1930 ,
1788 1879 1869 1941 qui
1891 1878 1970 1924 vel
1987 1878 2079 1943 pri-

1094 1951 1185 1999 mis
1217 1944 1359 1994 labris
1390 1944 1605 1992 historias
1639 1942 1901 1994 libaverint
1921 1982 1937 2003 ,
1972 1948 2079 2013 qui-

1095 2037 1206 2069 nam
1229 2015 1409 2066 fuerint
1437 2012 1510 2062 isti
1530 2012 1725 2075 Guelfi3
1757 2015 1883 2065 unde
1912 2029 1967 2064 ut
1986 2034 2084 2066 me-

1095 2091 1303 2141 moriam
1335 2087 1544 2136 excitem
1587 2083 1745 2153 potius
1770 2122 1786 2144 ,
1827 2090 1969 2154 quam
2006 2089 2079 2134 in-

1096 2163 1272 2211 struam
1290 2195 1305 2217 ,
1327 2159 1526 2206 brevem
1549 2155 1817 2205 eorundem
1834 2157 2080 2206 historiam

1095 2230 1296 2282 referam
1313 2266 1329 2287 ,
1358 2246 1501 2296 quam
1516 2224 1640 2274 hisce
1660 2226 1820 2276 verbis
1837 2243 1997 2275 narrat
2010 2232 2080 2276 Si-

1096 2304 1264 2372 gonius
1295 2302 1365 2352 De
1393 2301 1542 2367 Regno
1568 2296 1707 2349 Italiae
1731 2298 1790 2345 ad
1819 2317 1891 2345 an.
1927 2305 2079 2349 1228.

1097 2374 1246 2441 Itaque
1272 2371 1322 2418 ab
1342 2373 1417 2419 hoc
1443 2384 1625 2435 tempore
1650 2368 1786 2418 Italia
1817 2375 1956 2434 aperte
1990 2375 2080 2420 im,

1098 2446 1204 2494 duas
1212 2458 1359 2510 partes
1372 2440 1591 2490 diffinita
1602 2475 1617 2496 ,
1632 2442 1737 2488 aliis
1752 2438 1932 2506 Imperii
1943 2475 1958 2496 ‚
1974 2444 2079 2490 aliis

1100 2514 1289 2584 Ecclcfiae
1322 2511 1618 2561 austeritatem
1633 2510 1915 2578 sequentibus
1929 2546 1944 2567 ,
1981 2531 2077 2580 quo-

1097 2604 1193 2635 rum
1212 2584 1366 2651 Guelfi
1385 2582 1435 2630 ln·
1449 2618 1463 2638 ‚
1491 2580 1711 2631 Gibellini
1730 2584 1805 2634 illi
1828 2585 1964 2649 vulg&
1990 2602 2077 2630 vo-

1097 2661 1215 2705 cati:
1245 2673 1329 2722 quae
1350 2650 1571 2721 fitcffiones
1598 2668 1726 2719 nuper
1758 2673 1812 2700 ex
1839 2651 2078 2700 Germania

1097 2726 1299 2777 traduffae
1310 2760 1326 2781 ,
1354 2722 1533 2772 Italiam
1547 2738 1625 2789 per
1646 2725 1799 2772 multos
1816 2740 1951 2770 annos
1967 2724 2077 2772 obti-

1099 2817 1227 2848 nuere
1240 2833 1255 2854 ,
1272 2811 1395 2864 atque
1413 2794 1473 2842 ad
1485 2796 1685 2842 ultimum
1701 2798 1887 2842 exitium
1903 2795 2076 2861 redege-

1099 2889 1144 2918 re
1160 2905 1171 2916 .
1187 2868 1334 2936 Neque
1352 2869 1467 2914 enim
1472 2865 1616 2932 sellam
1635 2869 1728 2915 aliae
1743 2867 1973 2916 Civitates
1989 2865 2076 2914 Im-

70 2952 237 2988 nente:
265 2937 607 3006 undeJanuam
632 2938 658 2986 e
676 2938 783 2988 loco
798 2938 1047 2986 humiliori
1092 2955 1329 3006 peratorem
1345 2973 1360 2994 ,
1377 2940 1469 2987 aliae
1488 2937 1904 3007 Pontificemfeczttae
1916 2972 1931 2992 ,
1962 2934 2075 3002 insc-

72 3026 295 3058 amovere
308 3045 324 3066 ‚
346 3010 396 3058 &
416 3009 575 3056 altiori
593 3010 750 3058 locare
767 3011 983 3078 oportuit
1000 3045 1010 3054 .

141 3081 213 3126 Ex
228 3077 415 3128 ostenfis
429 3078 698 3127 notandum
710 3116 726 3137 ,
755 3093 929 3147 quanta
944 3077 970 3126 f
968 3097 1047 3129 ue·

1099 3012 1188 3060 His
1217 3016 1332 3059 inter
1336 3009 1388 3075 fle
1416 3013 1576 3057 animis
1605 3009 1875 3057 decertarunt
1894 3028 1907 3064 ;
1925 3006 2072 3071 sedin

1099 3083 1215 3151 iPfis
1204 3099 1287 3130 met
1311 3085 1441 3130 etiam
1458 3079 1656 3130 Urbibus
1671 3077 1883 3146 ebfitroris
1894 3109 1908 3129 ,
1929 3090 1976 3121 ac
1990 3096 2073 3125 ‘ve-

72 3150 137 3194 rit
156 3151 462 3216 antiquorum
477 3151 671 3198 Patrum
697 3152 940 3220 religionis
953 3188 969 3208 ‚
994 3168 1046 3198 ac
1086 3155 1225 3221 fimiae
1244 3152 1526 3220 proceffi’runt
1543 3187 1558 3208 ,
1595 3171 1643 3201 ut
1657 3153 1740 3197 alii
1755 3143 1943 3212 Ecclefiae
1955 3179 1971 3200 ,
1994 3148 2076 3193 alii

72 3219 259 3288 pietatis
289 3222 338 3267 in
364 3221 547 3292 Populo
589 3221 851 3273 excitandae
882 3219 1040 3270 solici-
1096 3225 1350 3291 Imperatori
1362 3223 1589 3273 studerent
1605 3255 1619 3275 ‚
1647 3236 1692 3264 ac
1695 3217 1747 3283 βε
1760 3219 1875 3263 inter
1878 3216 1931 3283 se
1935 3218 2072 3279 pelle-

2027 3304 2073 3332 3⁹8
