2425 3747
321 219 386 258 16

309 228 465 337 lemin,
486 278 663 327 Plinius
682 278 851 335 lib.36.
869 294 968 341 cap.
991 291 1034 333 5.
1053 280 1194 324 docet
1210 276 1277 322 his

311 348 470 398 verbis
500 369 510 398 :
549 347 818 415 Mausoleum
837 344 1105 414 sepulchrum
1132 346 1200 394 esi
1225 344 1277 391 ab

308 439 438 470 uxore
460 418 694 485 Artemtssa
712 414 886 484 filiium
920 411 1119 483 Mausolo
1145 417 1280 466 Cariae

309 491 500 558 Regulo,
524 493 597 553 qui
621 487 730 534 obiit
754 484 1032 552 Olympiadis
1055 484 1279 554 centefimae

309 577 420 608 anno
440 576 482 604 2.
504 557 619 620 Opus
643 556 696 604 id
716 569 763 602 ut
780 554 876 623 effic
892 559 1006 603 inter
1009 555 1173 620 septem
1194 559 1274 604 mi-

308 630 476 683 racula,
504 630 542 674 ii
559 630 746 675 maxime
777 623 1142 694 artificesfecere.
1183 626 1272 676 Pa-

307 711 368 750 'tet
386 696 435 744 ab
453 697 619 746 Austro
654 699 708 747 (9²
725 695 1018 762 septentrione
1035 697 1272 766 sexagenos

308 785 445 818 ternos
464 767 620 832 pedes,
651 765 832 818 brevius
858 763 1113 834 &frontibus
1133 803 1148 823 ,
1185 782 1272 815 toto

305 840 486 889 circuitu
500 837 628 903 pedes
654 837 987 905 quadringentos
1016 837 1272 886 undecim-‚z

306 909 520 958 attollitur
539 912 587 956 in
606 908 882 958 altitudinem
897 911 1075 976 viginti
1094 912 1274 975 quinque

307 976 488 1028 cubitis:
517 983 708 1047 cingitur
733 980 937 1026 columnis
961 981 1147 1045 triginta
1160 979 1245 1045 sex
1262 1014 1272 1024 .

307 1047 381 1099 Ab
411 1048 592 1099 Oriente
617 1051 794 1098 celavit
826 1049 980 1113 Scopas
996 1085 1011 1106 ,
1047 1054 1072 1098 a
1096 1050 1274 1112 Septen·

306 1123 445 1168 trione
466 1120 666 1187 Bryaxis
681 1154 696 1176 ,
726 1124 751 1167 a
771 1117 975 1169 Meridie
991 1117 1245 1169 Timotheus
1259 1153 1275 1175 ‚

307 1189 360 1237 ab
389 1189 548 1258 Occasu
567 1189 818 1238 Leochares:
842 1192 1042 1259 priusque
1067 1194 1189 1257 quam
1200 1203 1276 1255 pe-

308 1276 506 1328 ragerent
522 1295 537 1316 ,
555 1260 726 1327 Regina
744 1260 981 1329 Artemist'a
996 1296 1011 1318 ,
1031 1279 1113 1327 quae
1128 1263 1279 1308 mariti

310 1333 514 1379 memoriae
538 1330 590 1378 id
618 1345 715 1395 opus
738 1335 883 1380 extrui
896 1333 1082 1402 juſjerat
1095 1365 1109 1387 ,
1135 1330 1245 1378 obiit
1265 1365 1274 1376 .

308 1400 412 1451 Non
432 1415 572 1448 tamen
595 1400 844 1467 receffirunt
859 1401 948 1468 nist
961 1400 1143 1470 absoluto
1149 1407 1250 1467 jam
1264 1435 1279 1456 ,

307 1471 363 1521 id
371 1470 518 1536 gloriae
535 1472 718 1540 ipsorum
728 1504 743 1525 ,
758 1473 943 1540 artisque
967 1487 1279 1520 monumentum

295 1540 579 1606 judicantes3
597 1541 797 1608 hodieque
814 1559 979 1592 certant
994 1559 1142 1592 manus
1160 1577 1169 1586 .
1190 1541 1279 1590 Ac⁴

309 1610 425 1675 cfft
451 1613 506 1659 &³
537 1614 708 1677 quintus
735 1610 927 1678 artifex:
962 1629 1124 1679 nanque
1145 1613 1278 1678 supra

301 1693 453 1745 pteron
490 1684 684 1747 pyramis
720 1681 957 1728 altitudine
998 1681 1280 1748 inferiorem...

311 1750 531 1816 aequavit,
555 1751 735 1817 ‘viginti
754 1765 929 1815 quatuor
952 1749 1165 1816 gradibus
1191 1754 1280 1799 in„

311 1833 426 1867 metae
442 1834 633 1868 cacumen
654 1818 707 1888 fl’
723 1822 975 1870 contrahens
997 1856 1006 1867 .
1047 1819 1100 1871 In
1115 1820 1283 1886 summo

307 1888 378 1938 esi
403 1887 610 1956 quadriga
627 1904 856 1938 marmorea
871 1926 885 1947 ,
913 1905 1035 1959 quam
1048 1889 1166 1959 ficit
1187 1892 1280 1957 Py-

310 1958 402 2007 this
416 1993 427 2004 ·
464 1958 564 2010 Haec
581 1959 749 2024 adjecta
771 1976 936 2010 centum
957 1961 1285 2027 quadragina„

303 2027 461 2092 pedum
494 2029 729 2079 altitudine
759 2046 894 2079 totum
926 2045 1023 2096 opus
1055 2030 1243 2080 includit
1271 2066 1281 2077 .

312 2095 395 2144 Ab
421 2097 504 2145 hac
522 2097 978 2167 magnificentiffima
994 2098 1168 2148 fabrica
1194 2119 1282 2148 cae-

312 2179 423 2214 terae
434 2201 452 2225 ‚
473 2166 642 2235 partim
662 2166 924 2218 abfimilem
942 2168 1284 2237 praeseferentes

313 2233 712 2303 magnificentiam
727 2273 744 2297 ‚
772 2256 945 2288 nomen
966 2237 1203 2308 sumpsere
1223 2277 1235 2287 .

384 2303 744 2357 Mausoleorum
775 2309 1087 2361 aemulatrices
1125 2307 1288 2363 fuera,

312 2375 597 2442 Pyramides
615 2414 631 2437 ‚
661 2396 862 2446 quarum
880 2377 1027 2449 figura
1060 2381 1286 2448 quadrata

313 2459 412 2494 erat
424 2480 440 2505 ,
460 2447 510 2497 &
524 2446 581 2495 ab
597 2446 879 2517 amplissima
901 2448 996 2500 bafi
1012 2448 1221 2500 definens
1240 2452 1287 2501 in

313 2533 538 2565 acumen.
573 2519 771 2569 Illarum
801 2521 1047 2569 nonnullas
1077 2519 1285 2587 conspici

315 2585 466 2633 adhuc
485 2589 532 2638 in
546 2589 753 2656 AEgypto
771 2589 920 2640 tradit
931 2593 1139 2659 Joannes
1160 2593 1285 2639 Nar-

316 2654 418 2703 dius
446 2658 491 2703 in
519 2656 609 2706 suis
634 2673 893 2709 comment.
926 2660 985 2709 ad
1004 2661 1284 2710 Lucretium

316 2724 386 2775 De
400 2744 537 2775 rerum
555 2746 707 2778 natura
720 2765 735 2788 ,
756 2729 837 2779 ubi
854 2732 902 2777 in
920 2728 1008 2780 fine
1030 2733 1127 2799 agit
1143 2730 1203 2780 de
1220 2728 1289 2778 fu-

316 2793 505 2844 neribus
531 2800 896 2866 AEgyptiorum3
923 2818 1122 2868 quarum
1141 2802 1288 2868 Pyra-

316 2865 506 2913 midum
522 2867 760 2918 occasione
780 2872 1122 2921 nonnullorum
1142 2870 1290 2940 sepul-

317 2935 540 2984 chrorum
565 2936 716 2985 adhuc
733 2942 951 3007 Memphi
977 2944 1286 2991 extantium„

317 3007 700 3075 orthographiam
719 3005 852 3056 affert
870 3045 884 3067 ,
912 3028 1054 3075 quam
1074 3013 1285 3061 delinea-

318 3077 357 3122 ri
389 3077 647 3143 imperavit
673 3077 729 3127 cl:
757 3094 847 3126 me:
870 3080 1193 3130 Ferdinandus
1213 3086 1279 3131 ΙΙ.

317 3148 523 3213 Magnus
549 3147 789 3196 Hetruriae
809 3150 949 3206 Dux,
974 3148 1285 3199 liberalium-2

319 3217 598 3266 Studiorum
612 3252 628 3276 ,
656 3235 707 3266 ac
727 3219 924 3266 Artium
939 3232 1188 3289 promotor
1204 3256 1220 3279 ‚
1239 3223 1289 3269 il*

729 205 1156 260 VETERA
1230 202 1926 257 MONIMENTA

1331 278 1521 340 lamque
1543 293 1625 322 nos
1643 277 1689 321 in
1708 274 1830 324 Tab.
1851 278 2159 326 XXXVIII.
2175 279 2303 327 exhi·

1333 343 1498 394 bemus
1514 379 1530 402 ,
1568 342 1648 392 ubi
1669 346 1807 393 litera

1401 417 1464 461 A.
1501 416 1774 482 Memphim
1788 450 1806 473 ,
1825 411 1925 465 five
1951 415 2265 484 Alcayrum„
2284 453 2300 476 ,

1330 483 1479 551 vulgo
1502 486 1628 536 Cairo
1647 519 1663 543 ‚
1692 484 1888 534 denotat
1906 521 1918 532 .

1399 557 1451 601 B.
1483 554 1742 622 Babylonis
1773 557 1975 622 antiquae
2009 558 2298 624 parietinas.

1396 628 1453 673 C.
1487 626 1659 673 Nilum
1691 624 1747 671 ab
1766 625 1943 675 Austro
1976 629 2026 676 in
2055 630 2300 678 Boream-2

1325 694 1725 763 praeterfluentem
1747 730 1758 741 .

1394 768 1452 812 D.
1482 765 1711 832 Lapidem
1736 764 1987 825 caelatum3
2017 770 2098 834 qui
2125 769 2184 818 ad
2205 787 2292 838 pu-

1325 836 1419 892 tei,
1451 832 1549 883 live
1578 833 1681 883 ostii
1700 837 1984 902 operculum
2011 836 2239 887 inservit.

1396 907 1449 952 E.
1484 908 1662 962 Viam,
1696 922 1779 973 per
1810 923 1955 972 quam
1988 906 2036 953 in
2057 925 2302 957 cameram

1328 974 1680 1024 subterraneam
1703 973 2006 1025 descenditur
2021 1012 2031 1023 .

1398 1050 1447 1094 F.
1466 1050 1645 1094 Arcam
1665 1044 2306 1116 lapideam,hieroglyphicis

1328 1115 1560 1183 sculptam
1574 1152 1588 1173 ,
1626 1117 1818 1164 alterius
1839 1118 2008 1186 ligneae
2029 1117 2273 1167 custodem
2293 1153 2307 1166 .

1398 1189 1460 1235 G.
1489 1189 1616 1234 Arca
1631 1222 1646 1244 ,
1677 1204 1776 1252 quae
1804 1187 2000 1236 visenda
2019 1191 2307 1256 exponitur,

1331 1275 1442 1305 cum
1474 1254 1723 1306 fimulacro
1754 1255 1932 1316 stante,
1968 1260 2018 1310 &
2048 1261 2153 1308 Diis
2179 1273 2308 1310 tute·
2375 1302 2379 1303 γ

1332 1325 1507 1376 laribus
1524 1362 1534 1374 .

1404 1398 1561 1446 Tanta
1578 1396 1693 1446 vero
1709 1410 1827 1456 arte,
1843 1417 1894 1446 ac
1914 1412 2014 1447 tam
2032 1401 2187 1468 ampla
2204 1421 2309 1451 mo·

1331 1470 1375 1519 le
1405 1466 1657 1535 surgebant
1686 1471 1780 1515 haec
1812 1467 2006 1518 aedificia
2032 1505 2048 1529 ,
2085 1485 2140 1518 ut
2168 1477 2302 1522 Mar-

1333 1540 1454 1587 tialis
1472 1542 1516 1587 in
1538 1540 1673 1606 Epig.
1700 1557 1739 1585 1.
1757 1538 1815 1586 de
1834 1541 2053 1608 Amphit.
2070 1543 2306 1591 miraculo

1333 1611 1549 1679 proxima
1572 1610 1898 1674 reputaverit,
1935 1610 2031 1658 ibi:

1402 1677 1596 1730 Barbara
1628 1678 1909 1739 Pyramidum
1927 1680 2063 1749 stleat.
2098 1683 2314 1733 miracula

1478 1746 1706 1813 Memphis
1725 1783 1736 1794 .

1405 1821 1465 1866 Et
1485 1815 1704 1868 inferius:

1408 1890 1523 1940 Aere
1548 1908 1628 1938 non
1649 1907 1785 1938 vacuo
1799 1890 2035 1954 pendentia
2051 1889 2284 1957 Mausblea
2298 1925 2311 1936 .

1338 1962 1403 2009 Ea
1427 1957 1543 2007 vero
1578 1960 1756 2025 erigere
1787 1959 1996 2027 Regibus
2021 1959 2119 2008 fato
2139 1960 2316 2007 iunctis

1339 2031 1586 2098 AEgyptios
1611 2025 1899 2078 consuevisse
1919 2029 2149 2078 docemur
2170 2031 2197 2078 a
2218 2028 2312 2076 Lu-

1337 2103 1409 2148 cio
1426 2101 1565 2148 Floro
1583 2097 1665 2147 lib.
1682 2118 1729 2162 4.
1747 2117 1878 2167 cap.1
1896 2120 1935 2149 1.
1955 2097 2065 2148 cum
2088 2100 2147 2149 de
2167 2100 2315 2148 Cleo-

1339 2184 1469 2239 patra
1482 2171 1678 2238 }Egypti
1699 2172 1883 2239 Regina
1909 2172 1974 2218 ita
1995 2171 2238 2237 loquitur:
2266 2174 2318 2218 in

1339 2240 1608 2309 Mausoleum
1644 2242 1665 2297 (
1679 2242 1905 2310 sepulchra
1942 2243 2111 2311 Regum
2143 2240 2205 2306 fi'c
2235 2258 2316 2288 ‘vo-

1339 2323 1474 2373 cant)
1503 2314 1657 2375 recipit
1676 2346 1686 2358 .
1727 2311 1861 2370 Idem
1884 2310 2075 2361 testatur
2094 2312 2316 2358 Lucanus

1341 2382 1422 2431 lib.
1442 2386 1487 2430 8.
1510 2383 1567 2429 de
1587 2381 1848 2431 Ptolemaeis
1868 2380 1953 2438 (fic
1974 2380 2189 2449 AEgyptii
2209 2377 2314 2426 suos

1340 2457 1495 2521 Reges
1525 2450 1854 2519 appellabant,
1888 2466 1942 2501 ut
1972 2453 2092 2501 olim
2112 2448 2314 2498 Pharao-

1339 2533 1455 2585 nes)
1487 2521 1579 2568 haec
1597 2517 1822 2570 scribens:
2303 2571 2308 2577 ,

1406 2593 1464 2644 Et
1498 2591 1664 2658 Regum
1707 2596 1867 2641 cineres
1903 2592 2096 2644 extruffo
2127 2593 2308 2641 montes*

1480 2662 1720 2727 quiescant:

1409 2734 1515 2785 Citm
1544 2733 1856 2784 Ptolemaeorum
1884 2751 2026 2784 manes
2044 2768 2060 2792 ,
2075 2735 2315 2802 seriemque

1472 2803 1714 2867 pudendam

1408 2872 1664 2938 Pyramides
1717 2874 1917 2924 claudant
1946 2911 1964 2934 ‚
2012 2873 2314 2944 indignaquess

1480 2942 1710 3011 Mausolea
1727 2979 1737 2990 .

1408 3012 1676 3061 Confirmat
1703 3014 1797 3062 haec
1818 3015 2007 3064 Servius
2040 3015 2089 3061 in
2114 3012 2314 3062 undeci-

1338 3098 1417 3128 mo
1435 3082 1612 3131 AEneid.
1630 3081 1858 3151 additque
1879 3085 2003 3134 unde
2037 3085 2131 3132 haec
2155 3081 2312 3133 deflu-

1339 3154 1465 3199 xerit
1490 3152 1780 3203 consuetudo
1805 3153 2041 3223 regalibus
2066 3153 2313 3204 cadaveri-

1342 3219 1423 3270 bus
1455 3223 1603 3273 moles
1631 3225 1939 3294 imponendi3
1976 3225 2113 3294 Apud
2132 3229 2311 3293 majores

2215 3295 2316 3352 (in‹=
