2482 3742
0 2423 2 2430 -
0 2374 7 2404 τι
0 2342 7 2362 -.-
0 2309 4 2327 ν
0 2146 8 2290 wa*-
4 2095 6 2097 -

675 310 713 358 C
784 308 830 355 Α
903 306 941 355 P
1016 306 1063 358 U

103 387 187 450 *quae
197 375 525 447 persaepeflendo
545 381 673 424 etiam
702 377 875 443 inspexi
886 411 904 432 ,
937 374 985 422 ob
1004 380 1072 424 in-

102 456 263 501 curiam
283 466 418 499 eorum
435 481 450 503 ,
487 445 637 513 quibus
656 450 746 516 ipflz
773 449 928 513 templa
936 451 1074 510 jans-a

102 527 276 569 ruinam
300 521 510 567 minantia
526 519 849 587 commfflfimt
863 553 873 563 .
893 518 982 566 Hoc
1003 533 1074 563 au-

103 608 188 640 tem
214 598 259 640 in
285 590 436 654 templo
460 588 540 635 haec
570 589 780 637 Carmina
803 588 945 655 legtffi‘
972 605 1075 635 me..

105 664 281 711 memini
302 657 465 726 must‘vo
492 673 609 723 opere
623 657 832 726 descripta
851 693 862 703 .

172 732 270 782 Haec
304 729 391 777 tibi
420 746 535 776 mens
565 730 722 778 valide
748 729 950 777 decrevit
969 741 1074 793 prae-

314 799 390 848 dia
405 800 442 848 C
445 797 585 847 hrifz'e
603 833 619 855 ,

245 871 330 919 Cui
348 869 529 918 testator
549 882 641 932 opes
669 869 825 917 detulit
851 869 927 918 ille
941 869 1047 935 fiias
1063 902 1073 912 .

175 940 500 1008 simpliciusque
516 939 635 1004 Papa
651 939 795 989 Sacris
818 940 857 990 C
859 936 1075 988 oelefi'ibus

317 1011 436 1077 ap'tas

247 1081 283 1129 E
273 1081 403 1152 fficit
419 1085 525 1130 ver?
551 1084 736 1128 muneris
756 1079 832 1147 ff
849 1082 938 1127 tui.

183 1148 241 1199 Et
264 1151 376 1219 quod
402 1151 649 1217 Apoft‘olici
673 1151 853 1219 deffnt
881 1150 1080 1199 limina-2

322 1219 470 1279 nobis,
576 1246 577 1249 =

252 1287 479 1356 Martyris
510 1290 694 1338 Andreae
724 1295 890 1338 nomine
920 1303 1081 1354 compo·-

306 1360 407 1427 fidc
423 1394 434 1404 .

98 1442 101 1445 “
151 1446 152 1449 ’
180 1427 340 1486 Utitur
375 1430 458 1476 haec
487 1429 614 1477 haeres
649 1425 820 1477 Titulis
861 1425 1083 1496 Ecclesia„

248 1499 559 1686 Σκξῖῗίὲἓὶζηε
590 1568 708 1617 domo
733 1567 918 1637 mys‘lica
931 1572 1084 1633 jura„

338 1654 429 1688 ocat
447 1675 458 1685 .
1008 1645 1020 1674 x

186 1703 315 1755 Plebs
337 1707 498 1757 devota
521 1712 635 1758 ‘veni
655 1744 670 1766 ,
697 1722 851 1775 perque
867 1706 947 1754 [πει-
973 1725 1082 1753 com·-

323 1783 476 1828 mercia
494 1779 608 1846 disce

249 1843 441 1896 Terreno
467 1849 586 1917 censu
611 1846 763 1913 Regna
765 1847 951 1915 superna
964 1851 1056 1911 peti
1070 1882 1079 1892 .

107 1915 239 1965 Mihi
256 1932 443 1984 quoque
470 1916 711 1986 praeteritis
731 1918 859 1964 annis
883 1919 1084 1983 contigit

110 1981 292 2036 Versus
318 1988 507 2037 eosdem
525 2024 541 2046 ,
567 2004 654 2052 qua
673 1999 803 2053 parte
829 1985 981 2033 adhuc
1008 1986 1081 2034 su-

110 2070 333 2124 pererant
359 2096 373 2118 ,
409 2053 740 2126 recognoscere
772 2055 1081 2124 priusquam

111 2122 252 2174 Abfis
269 2160 284 2182 ‚
321 2128 370 2178 &
397 2125 650 2177 Mufivum
679 2144 794 2194 opus
827 2125 1084 2194 prosterne-

109 2207 298 2245 rentur:
325 2216 468 2264 quare
497 2217 594 2265 quae
615 2215 702 2264 ego
729 2214 786 2244 ex
806 2197 874 2245 his
897 2199 1084 2246 Carmi-

107 2264 381 2335 nibuslegi,
412 2268 683 2338 grandiori,
719 2285 817 2333 quae
844 2265 960 2315 vero
979 2265 1083 2335 sup-

109 2336 242 2402 plevi
270 2355 327 2386 ex
352 2339 534 2387 Platina
550 2374 564 2396 ,
592 2338 767 2386 minori
792 2337 1086 2387 charasterffi

111 2407 421 2471 exprimenda
448 2409 614 2456 curavi
632 2443 648 2465 ,
685 2421 738 2456 ut
767 2409 813 2454 in
842 2408 1087 2457 Schemate

108 2474 188 2523 hic
210 2475 256 2521 in
272 2476 394 2525 Tab.
410 2480 652 2530 LXXVI.
674 2476 886 2546 apposito
910 2514 920 2524 .

208 2546 366 2610 Hujus
407 2550 564 2615 itaque
602 2547 810 2598 Bafilicae
851 2548 1090 2597 dedicatio

116 2615 365 2682 Simplicio
397 2616 613 2667 Pontifici
643 2616 957 2686 proculdubio
987 2616 1089 2667 affi-

113 2685 300 2751 gnanda
322 2686 415 2738 est:
441 2686 608 2737 verum
625 2687 925 2737 Construffio
951 2689 1089 2756 long&

106 2752 356 2803 ‘diversum
377 2752 581 2807 habuisse
599 2758 792 2807 videtur
809 2760 1089 2808 Auciorem.

114 2824 305 2872 Etenim
333 2845 392 2875 ex
412 2826 647 2895 aliquibus
668 2828 948 2891 conjeciuris
981 2847 1090 2897 pro—

1136 302 1180 353 T
1280 301 1334 352 X
1350 301 1404 351 X
1425 301 1555 353 VII.
1998 322 2021 350 2
2074 321 2089 351 ἲ,

1127 372 1312 441 plitudo
1351 377 1484 437 (quae
1516 373 1613 419 duo
1642 389 1701 419 ex
1728 372 1812 428 iis,
1847 389 1944 436 quae
1973 324 2092 420 dizili-

1128 460 1232 490 mus
1249 445 1366 509 Cap.
1390 446 1536 491 VIII.
1553 478 1569 499 ,
1591 444 1642 491 ὃ(
1670 445 1761 490 IX.
1783 441 1842 488 ad
1858 442 2010 506 prima
2028 441 2099 491 lfa:-

1130 513 1234 561 cula
1269 513 1539 580 pertinent)
1577 511 1840 579 primordia
1870 512 2098 559 vetustio-

1129 602 1210 630 ra:
1250 600 1391 648 quare
1422 600 1514 629 non
1543 583 1635 629 erit
1666 578 1892 628 absonum
1921 616 1937 637 ,
1975 579 2099 628 Basi-

1128 655 1270 701 licam
1303 652 1418 698 hanc
1456 653 1578 698 inter
1611 669 1684 699 eas
1721 668 2061 700 connumerare
2084 689 2100 711 ,

1126 741 1224 789 quae
1250 724 1274 770 ὲ
1306 739 1477 788 magno
1503 725 1797 787 Imperatore
1832 719 2100 769 Constanti-

1128 811 1188 841 no
1215 791 1412 839 reddita:
1442 788 1548 837 sunt
1581 791 1856 839 Christianis
1884 827 1899 848 ,
1937 790 2103 858 spolia-

1128 865 1186 910 tis
1216 874 1350 909 antea
1382 861 1675 928 templorum
1706 859 1791 907 usu
1819 878 1900 927 per
1929 860 2102 928 impiis-

1127 930 1262 990 limas
1279 932 1401 998 leges
1420 932 1726 987 Diocletiani,
1740 930 1908 979 divino
1932 934 2103 990 cultui,

1127 1004 1173 1053 ἃ
1196 1000 1330 1049 sacris
1353 999 1527 1049 aedibus
1544 998 1686 1067 usque
1707 1000 1763 1048 ad
1782 1001 2023 1049 excidium
2043 1004 2105 1049 in—

1128 1069 1273 1131 fens13
1299 1084 1529 1118 ut.narrat
1548 1069 1774 1118 Eusebius
1805 1071 1886 1118 lib.
1905 1077 1949 1120 8.
1974 1072 2097 1119 Hist.

1131 1138 1384 1190 Ecclefiast.
1405 1159 1504 1207 cap.
1527 1159 1570 1187 2.
1604 1143 1652 1191 ὃς
1675 1139 1756 1187 lib.
1782 1160 1857 1188 12.
1890 1142 2102 1189 itidem-2

1132 1229 1294 1280 cap.2.
1327 1212 1375 1261 ἃ
1400 1209 1478 1258 lib.
1498 1229 1541 1257 2.
1570 1213 1627 1259 de
1657 1213 1772 1259 Vita
1804 1210 2105 1259 Constantini

1133 1302 1233 1350 cap.
1255 1299 1279 1327 2
1295 1302 1311 1328 1
1325 1318 1334 1326 .
1352 1299 1534 1329 necnon
1555 1282 1822 1329 Laciantius
1841 1283 2105 1329 Firmianus

1134 1353 1284 1418 nuper
1302 1351 1456 1398 editus
1485 1354 1509 1398 ἐι
1527 1352 1603 1399 Cl.
1627 1356 1691 1400 V.
1719 1352 1954 1416 Stephano
1973 1354 2107 1398 Baln-

1134 1423 1209 1469 zio
1237 1418 1319 1467 lib.
1344 1437 1387 1465 2.
1408 1417 1674 1468 Miscellan.
1693 1437 1824 1466 num.
1843 1425 1923 1483 48.
1947 1420 2105 1469 Profa-

1134 1489 1297 1538 fanum
1333 1486 1537 1537 Bafilicae
1566 1487 1700 1538 usum
1725 1504 1832 1538 ante
1858 1493 1999 1556 quam
2030 1494 2107 1539 Sa·

1136 1562 1223 1610 cris
1240 1562 1358 1610 Veri
1381 1561 1606 1608 Numinis
1633 1562 2011 1626 manciparetur,
2041 1564 2105 1608 in-

1137 1632 1294 1680 dicare
1327 1629 1552 1678 videntur
1589 1633 1743 1699 plures
1785 1633 2104 1679 animalium-2

1139 1703 1395 1768 imagines,
1432 1701 1623 1767 aliaeque
1659 1701 1815 1770 figura?
1847 1702 1962 1748 nihil
1992 1700 2106 1749 sacri

1135 1769 1418 1828 referentes,
1455 1787 1565 1836 quas
1590 1775 1759 1841 Capite
1794 1774 1907 1820 VII.
1940 1774 2104 1819 attuli-

1136 1861 1238 1890 mus
1267 1878 1283 1899 ,
1320 1840 1399 1888 ubi
1441 1841 1499 1888 de
1530 1842 1743 1892 Ecclesia>
1777 1840 1905 1888 istius
1939 1857 2110 1890 ornatu

1136 1912 1290 1961 sermo
1319 1908 1555 1959 institutus
1573 1911 1666 1961 fuit
1683 1952 1693 1960 .
1731 1913 1862 1980 Qin
1884 1913 2030 1960 etiam
2050 1912 2112 1961 fe-

1138 2001 1294 2030 rarum
1323 1982 1652 2047 multiplicitas
1684 1980 1918 2050 aliquibus
1952 1981 2112 2030 ansam

1137 2052 1271 2102 dedit
1302 2051 1526 2119 opinandi
1551 2088 1567 2109 ,
1605 2055 1840 2122 templum
1873 2053 1960 2100 hoc
1994 2056 2110 2101 Dia-

1137 2143 1204 2172 nae
1223 2122 1404 2169 sacrum
1427 2117 1558 2170 fuisse
1573 2159 1589 2181 ,
1627 2120 1897 2191 priusquam
1921 2125 2112 2191 expian-

1139 2195 1254 2243 dum
1287 2192 1562 2241 Christianis
1595 2193 1967 2243 concederetur.
2010 2196 2114 2242 Nec

1140 2262 1255 2314 vero
1285 2281 1360 2311 me
1394 2259 1546 2330 fugit,
1581 2265 1706 2332 apud
1730 2263 2018 2315 Christianos
2049 2278 2116 2312 to-

1141 2338 1342 2384 leratum
1367 2334 1647 2401 quandoque
1675 2352 1859 2384 morem
1887 2335 2114 2382 animalia

1142 2409 1189 2453 in
1205 2402 1419 2452 Ecclefiis
1438 2402 1696 2473 effingendi
1713 2443 1726 2462 ,
1758 2419 1811 2452 ut
1833 2406 1989 2471 aperte
2011 2423 2116 2453 con—

1142 2475 1228 2524 stat
1255 2493 1312 2523 ex
1330 2472 1534 2542 Epistola
1555 2476 1709 2524 &anfi-i
1733 2477 1837 2525 Nili
1859 2474 1915 2521 ad
1937 2476 2118 2541 Olym·

1148 2546 1402 2614 piodorum
1421 2582 1436 2604 ,
1477 2563 1576 2611 quae
1599 2548 1643 2593 in
1662 2547 1868 2595 Adiione
1895 2563 1942 2609 4.
1963 2549 2113 2594 Conc.

1147 2635 1192 2664 2.
1223 2617 1405 2664 Nicaeni
1448 2614 1704 2665 secundum
1741 2613 1969 2665 Anastafii
2010 2634 2118 2665 ver-

1144 2685 1323 2734 sionem
1349 2683 1409 2732 fic
1428 2683 1471 2735 se
1496 2686 1660 2736 habet:
1699 2688 1868 2737 Scribis
1889 2689 2002 2735 mihi
2027 2690 2122 2744 (in-

1143 2758 1247 2823 quit
1270 2757 1460 2804 Sancius
1476 2757 1825 2825 Nilus)siputns
1846 2758 2036 2806 decorum
2051 2756 2130 2827 ,sl

1148 2828 1234 2876 tibi
1271 2828 1516 2877 extruHuro
1551 2830 1751 2894 templum
1792 2834 2027 2877 maximum
2067 2828 2127 2877 ad

112 2889 272 2940 sanam
303 2891 436 2946 fuiffe
473 2916 618 2966 arguo
662 2899 779 2947 hanc
815 2898 1097 2959 Bafilicam3
1149 2899 1344 2946 honorem
1381 2915 1469 2946 tam
1506 2900 1757 2949 Sannorum
1795 2898 2121 2968 Many-ruma,

113 2977 426 3032 temporaque
462 2965 699 3035 superiora
731 2969 986 3035 Simplicio
1022 2987 1095 3017 re-
1152 2977 1273 3036 quizm
1303 2970 1485 3019 Christi
1510 3004 1526 3025 ,
1563 2988 1680 3036 quem
1708 2970 1796 3038 ipst
1809 2985 1888 3036 per
1918 2973 2117 3017 certami-

113 3030 237 3082 ferre
267 3055 277 3082 :
315 3037 394 3100 qui
433 3036 652 3105 deinceps
690 3040 822 3087 illam
863 3038 920 3086 ab
956 3040 1087 3088 omni
1152 3040 1748 3109 na,&dol0res,acfitjores
1763 3041 2121 3108 teflificacisunt,

115 3103 426 3152 Ethnicorum
458 3104 561 3155 labe
594 3110 832 3175 expiatam
853 3145 869 3167 ,
905 3111 952 3157 in
981 3107 1087 3156 usus
1140 3114 1225 3160 ‘vel
1245 3114 1454 3178 imagines
1485 3115 1614 3158 etiam
1642 3125 1793 3176 ponere
1827 3115 1874 3157 in
1893 3111 2117 3177 flicramb,

113 3173 493 3224 Christianorum
533 3175 881 3228 consecraverit
917 3216 927 3225 .
978 3183 1086 3227 Sua·
1139 3185 1193 3232 ὼ·
1216 3185 1365 3230 variis
1390 3183 1642 3229 animalium
1663 3179 1819 3227 beficiis
1830 3184 2017 3242 parietes
2034 3184 2113 3227 im-

114 3240 232 3291 dent
255 3245 384 3292 enim
409 3244 517 3293 cum
544 3251 641 3308 ejus
664 3247 946 3298 construstio
969 3252 1084 3299 late·
1130 3255 1249 3317 plere
1269 3287 1283 3307 ,
1320 3268 1345 3296 a
1370 3251 1594 3305 dexteris,
1629 3259 1681 3297 (9¹
1712 3248 1950 3315 &sinisii-‘is
1979 3253 2044 3297 ita
2067 3268 2115 3299 ut

113 3313 252 3368 ritia,
290 3327 392 3363 tum
426 3314 732 3367 fenestrarum
766 3317 952 3369 summa
983 3338 1084 3370 am·
1136 3323 1375 3372 videantur
1395 3325 1442 3368 in
1458 3336 1572 3369 term
1589 3317 1755 3384 quidem
1779 3322 1953 3389 extensa
1971 3321 2088 3367 linea
2105 3359 2122 3380 ,

183 3383 330 3438 ParJ.
1553 3391 1603 3438 H
1616 3389 1644 3434 h
1677 3405 1701 3432 2
1992 3394 2046 3437 Θ
2063 3390 2118 3437 le-
