2482 3742
753 309 791 358 C
861 308 906 357 A
979 309 1019 358 P

127 382 178 432 ὃς
199 376 257 427 fic
275 376 556 444 appellatam
574 370 704 424 fuiffe
724 373 901 425 constat
920 395 977 425 ex
992 394 1098 443 qua-

126 452 238 499 dam
259 448 509 495 donatione
535 446 894 515 Archiepiscopi
919 448 1095 495 Arnol·

127 517 282 576 di2sub
300 534 418 564 anno
447 535 463 563 1
477 521 588 564 018.
609 516 656 562 in
675 536 765 583 qua
785 516 938 584 ipsum
956 518 1092 565 Petro

127 592 340 641 Diacono
367 584 580 633 Ecclesiae
611 589 899 636 Ravennatis
928 590 1096 634 Mona—

125 661 319 709 sterium
343 659 386 703 S.
407 656 604 724 Agathae
625 658 822 723 Majoris
847 653 1092 705 contuliffe

124 743 338 777 narratur
359 763 369 772 .
407 727 632 776 Praeterea
666 727 761 776 duo
796 726 1092 793 diplomata,

125 816 328 856 Quorum
362 815 509 844 unum
541 796 598 847 de
616 797 880 847 Alexandri
909 801 1002 846 III.
1033 799 1094 844 le-

123 857 260 936 gibus
279 866 344 916 est
362 904 376 923 ,
415 868 619 915 alterum
644 868 704 916 ad
724 866 975 921 Urbanum
997 871 1089 917 IV.

121 939 329 1005 specians
346 974 362 995 ,
386 937 473 985 hoc
495 937 665 986 eodem
691 940 834 986 titulo
853 937 1088 987 Monafle-

119 1014 181 1059 rii
207 1027 309 1057 eam
334 1007 598 1074 appellant,
623 1010 672 1059 ὃς
694 1012 814 1058 inter
835 1011 936 1059 loca
953 1004 1089 1071 juris-

121 1079 396 1128 dictionalia
430 1080 643 1145 Capituli
669 1080 958 1128 Ravennatis
980 1095 1090 1128 enu-

122 1162 306 1198 merant
319 1184 329 1194 .
350 1145 653 1196 Postmodum
673 1163 832 1198 autem
850 1149 1092 1197 Parochia-

122 1208 342 1268 lis-'evasit
355 1254 371 1276 ,
386 1231 440 1264 ut
456 1215 597 1265 fufius
611 1219 734 1285 apud
755 1218 958 1266 eundem
975 1221 1093 1267 Hie-

124 1305 387 1355 ronymum
407 1285 544 1335 Fabri
569 1288 723 1335 videri
743 1288 893 1354 potest
910 1323 922 1333 .

190 1353 519 1407 Vetustiffimae
543 1355 676 1418 hujus
697 1356 902 1405 Bafilicae
921 1374 1089 1424 corpus

117 1431 164 1475 in
194 1441 287 1475 tres
312 1463 329 1484 ,
366 1427 416 1476 ὃς
444 1425 637 1490 quidem
666 1429 876 1495 ingentes
905 1445 1050 1475 naves
1071 1463 1088 1484 ,

117 1497 353 1547 dividitur
379 1533 396 1555 ‚
438 1497 819 1564 vigintiquatuor
854 1497 1090 1547 columnis

115 1565 348 1624 (diversae
375 1581 534 1615 tamen
565 1569 907 1636 magnitudinis
928 1565 1089 1614 habita

122 1638 312 1685 illarum
337 1633 588 1699 mensura)
616 1656 674 1686 ex
696 1642 893 1695 Graec0,
918 1639 968 1686 &
994 1641 1043 1684 N
1047 1656 1094 1684 u-

118 1707 297 1756 midico
316 1724 553 1755 marmore
571 1704 776 1756 suffultas
794 1732 807 1769 ·‚
831 1710 879 1758 &
899 1710 946 1754 in
966 1706 1090 1755 fron-

117 1792 163 1826 te
194 1776 335 1826 habet
351 1774 560 1825 absidem
577 1814 592 1835 ,
632 1776 730 1827 five
754 1777 1091 1836 Tribunam-,‚

116 1850 400 1917 perantiquo
417 1845 611 1895 Mufivo
641 1847 984 1916 elegantiflime
1014 1867 1088 1896 or-

116 1931 274 1964 natam
292 1954 303 1964 .
333 1919 491 1980 Hujus
523 1920 676 1985 operis
697 1917 990 1967 Iconismum
1008 1919 1092 1966 'da-

117 2006 221 2035 mus
250 1989 298 2034 in
317 1989 554 2054 praecitata
584 1987 768 2036 Tabula
792 1991 976 2055 XLVI.
1009 1987 1091 2036 ubi

113 2055 291 2107 Christi
320 2058 521 2105 Domini
550 2058 706 2128 imago
728 2059 823 2119 est,
858 2060 1093 2128 qui-thro-

114 2146 175 2176 no
195 2125 393 2176 insidens
417 2129 615 2195 gemmis
643 2129 954 2198 undequaque
984 2149 1091 2179 con-

116 2199 310 2266 spicuo,
349 2197 512 2266 aperta
543 2197 738 2250 dextera
771 2199 1048 2251 benedicere
1072 2237 1088 2259 ,

110 2266 192 2318 seu
220 2267 375 2337 potius
393 2269 555 2335 loqui,
580 2289 631 2319 ac
660 2271 830 2321 docere
861 2272 1088 2329 videtur,

114 2341 375 2406 laevamque
404 2337 561 2387 codici
590 2339 972 2410 superimponit,
1009 2344 1088 2410 qui

113 2406 294 2457 sinistro
313 2414 409 2474 ejus
432 2427 557 2477 genu
586 2413 835 2470 innititur,
866 2415 915 2463 ὃ(
930 2415 1086 2461 Evan-

111 2480 350 2547 geliorum
374 2481 602 2537 volum-en
623 2480 946 2550 repraesentat.
975 2485 1086 2548 EJus

111 2549 312 2617 pallium
328 2584 344 2607 ,
375 2550 502 2615 quod
527 2554 813 2601 violaceum
829 2555 1082 2602 colorem-s

109 2616 253 2668 refert
265 2655 280 2676 ,
295 2618 498 2667 rubeum
518 2623 670 2670 veluti
690 2620 995 2673 suboscurum
1010 2624 1086 2674 ad—

110 2687 415 2738 umbrantem
432 2726 448 2748 ,
479 2689 568 2740 hoc
588 2690 1000 2761 monogrammate
1020 2695 1086 2744 di·-

107 2761 384 2828 stinguitur,
537 2766 698 2831 Caput
716 2764 907 2830 pretiosi
931 2767 1090 2816 diade-

108 2833 246 2877 matis
269 2832 368 2878 nim
536 2831 595 2882 bo
620 2849 876 2883 coronatur
891 2872 907 2894 ,
926 2838 974 2884 in
992 2855 1085 2904 quo

107 2918 326 2969 gemmea
349 2904 484 2950 Crux
509 2903 574 2951 est
590 2939 602 2950 .
633 2904 901 2954 Scabellum
917 2943 932 2963 ,
956 2907 1085 2972 quod

110 2971 369 3019 salvatoris
405 2971 604 3039 pedibus
641 2978 875 3042 premitur
901 3002 921 3034 ,-
965 2976 1085 3026 duos

108 3039 276 3108 gradus
306 3039 482 3099 habet,
518 3043 809 3112 gemmisque
847 3045 991 3113 usque
1025 3047 1085 3102 ad

109 3111 380 3159 cathedram
403 3111 763 3182 circumfulget.
785 3116 864 3165 Ab
883 3132 1084 3182 utroque

108 3178 250 3247 ipsius
275 3182 450 3240 latere,
472 3184 519 3230 in
538 3184 745 3248 quodam
767 3189 922 3236 veluti
946 3201 1082 3254 prato

1094 306 1260 359 UT
1359 305 1630 358 XXf‘

2029 322 2117 378 185

1151 391 1312 425 autem
1342 381 1422 445 qui
1455 377 1513 426 ad
1541 379 1708 428 laevam
1737 383 1992 431 Salvatoris
2024 384 2120 443 est,

1149 447 1392 496 dexteram
1413 466 1607 498 manum
1630 449 1688 499 ad
1708 453 2119 519 peetusinflectit²

1148 515 1324 565 sinistra
1352 519 1550 585 pallium
1582 522 1740 570 elevat
1758 559 1774 580 ‚
1802 521 1939 572 fimul
1966 539 2117 572 cum„

1148 585 1347 645 baculo,
1385 585 1480 637 five
1515 591 1740 641 arundine
1777 601 1916 650 aurea
1946 594 2118 643 :‘alter

1146 656 1263 705 vero
1292 657 1538 706 dexteram
1572 661 1808 710 elevatam
1836 663 2032 730 perinde
2064 683 2117 712 ac

1146 725 1179 773 fi
1199 725 1499 776 benediceret
1526 732 1737 789 attollit,
1767 730 1944 781 linistra'i
1977 733 2117 786 bacu-

1146 799 1277 854 lum,
1309 795 1405 845 five
1431 798 1713 848 arundinem
1745 820 1932 851 auream
1953 818 2083 853 tenet
2103 826 2117 854 :

1143 865 1283 915 ambo
1303 864 1505 936 simplici
1525 868 1793 921 diademate
1815 889 2116 924 coronantur:

1144 935 1283 984 ambo
1311 951 1406 984 tam
1428 939 1600 1005 pallio,
1629 944 1769 1006 quam
1789 941 1992 993 vestibus
2018 943 2114 992 albi

1143 1007 1314 1055 coloris
1332 1008 1487 1056 induti
1509 1006 1614 1056 sunt
1631 1047 1640 1056 .
1681 1012 1826 1060 Parva
1853 1013 1999 1072 stola,
2038 1033 2117 1062 au-

1144 1095 1291 1142 roque
1319 1080 1466 1126 nitens
1500 1080 1523 1126 ἓ
1552 1082 1720 1130 dextro
1748 1084 2004 1132 salvatoris
2029 1087 2114 1134 hu-

1146 1166 1277 1195 mero
1303 1147 1504 1214 pendet;
1543 1149 1801 1218 eademque
1830 1153 1998 1202 visitur
2027 1157 2116 1206 ixi-.-

1146 1219 1344 1284 Angelis
1367 1219 1524 1266 colore
1554 1218 1859 1269 solummodo
1883 1241 2081 1292 excepto
2097 1265 2115 1286 ‚

1141 1290 1220 1352 qui
1251 1288 1380 1336 albus
1415 1287 1478 1335 est
1510 1323 1519 1333 .
1567 1292 1780 1339 Demum
1813 1292 2117 1361 prospechls,

1142 1356 1239 1404 live
1274 1359 1419 1405 totius
1460 1357 1686 1408 Tribunae
1724 1380 1916 1428 campus
1955 1366 2117 1415 lucida

1141 1428 1242 1475 auri
1289 1424 1424 1476 scobe
1461 1427 1729 1497 conspersus
1776 1431 2119 1503 undequaque,

1142 1498 1302 1547 oculos
1328 1513 1545 1566 raperet,
1576 1498 1664 1548 nisi
1691 1501 1886 1569 elapsis,
1923 1524 2118 1574 aevoque

1145 1568 1337 1633 dejectis
1369 1570 1569 1636 lapillis,
1597 1572 1810 1637 quac-dam
1842 1576 2019 1624 lacunae
2051 1581 2118 1627 in-

1146 1644 1452 1701 terjacerent,
1481 1658 1578 1704 quae
1606 1642 1732 1691 calce
1760 1645 1962 1711 oppletae
1987 1644 2115 1697 sunt.

1144 1709 1214 1757 De
1232 1708 1375 1757 baculo
1392 1744 1407 1764 ‚
1433 1706 1531 1757 five
1548 1712 1776 1760 arundine
1793 1749 1808 1769 ,
1846 1732 1989 1779 quam
2009 1720 2115 1766 An-

1144 1779 1239 1845 geli
1257 1796 1398 1825 manu
1417 1791 1587 1843 gerunt
1602 1815 1618 1836 ,
1645 1779 1854 1831 diximus
1873 1782 2007 1852 iupra
2028 1788 2116 1838 ind

1144 1852 1317 1916 Capite
1337 1852 1453 1898 XV.
1483 1848 1552 1897 De
1567 1849 1729 1900 baculis
1743 1889 1752 1898 .
1782 1855 1914 1902 Licet
1934 1857 1992 1905 de
2014 1876 2115 1908 cer-

1143 1931 1194 1965 to
1226 1931 1439 1984 tempore
1465 1917 1823 1972 constructionis
1849 1925 1985 1989 liujus
2003 1932 2117 1978 Mu-

1145 1986 1233 2036 fivi
1267 1988 1421 2057 operis
1450 1987 1575 2054 apud
1607 1993 1865 2058 Scriptores
1894 2013 1988 2044 non
2006 2017 2116 2048 con-

1143 2057 1258 2116 stet,
1285 2077 1371 2108 nec
1391 2058 1581 2106 aliunde
1600 2062 1826 2130 expiscari
1847 2064 2015 2132 poffit3
2036 2088 2116 2138 ap-

1143 2143 1274 2198 paret
1300 2144 1459 2177 tamen
1494 2145 1551 2177 ex
1579 2148 1823 2198 gemmato
1840 2172 1858 2193 ,
1886 2137 1935 2185 &
1958 2139 2005 2184 in
2025 2136 2117 2188 for·

1142 2218 1269 2249 mam
1284 2201 1451 2249 Crucis
1469 2200 1795 2254 circumducto
1815 2206 2085 2260 diademate
2099 2247 2116 2268 ‚

1141 2288 1324 2319 necnon
1354 2288 1410 2317 ex
1426 2287 1669 2339 gemmato
1692 2273 1838 2333 solio,
1869 2278 1917 2325 ὃ(
1937 2296 1993 2326 ex
2012 2284 2115 2328 An-

1139 2342 1254 2410 gelis
1276 2358 1388 2388 cum
1409 2339 1595 2400 baculo,
1617 2341 1713 2394 five
1733 2346 1962 2396 arundine
1984 2352 2111 2399 circa

1141 2410 1384 2461 Christum
1406 2414 1673 2462 Dominum
1707 2415 1993 2467 adstantibus
2011 2459 2024 2480 ‚
2060 2441 2113 2470 ac

1139 2485 1187 2530 in
1230 2479 1436 2531 vestibus
1485 2500 1847 2553 monogramma
1892 2488 2110 2539 habenti-

1139 2552 1223 2601 bus
1239 2586 1256 2609 ,
1268 2550 1637 2601 vetustiffimum
1655 2574 1770 2624 opus
1786 2554 1891 2616 effe,
1905 2578 1956 2607 ac
1975 2561 2111 2610 redo-

1140 2625 1235 2672 lere
1252 2636 1467 2690 tempora
1486 2623 1809 2675 aedificationis
1829 2628 1971 2696 ipsius
1992 2646 2109 2681 tem-

1141 2694 1207 2763 pli
1227 2727 1243 2749 ,
1270 2690 1450 2743 scilicet
1467 2697 1755 2764 principium
1774 2703 1837 2748 V.
1856 2697 2036 2763 saeculi3
2057 2716 2112 2751 ut

1143 2765 1398 2826 conjicitur
1414 2768 1558 2813 etiam
1576 2783 1634 2814 ex
1653 2765 1811 2834 figuris
1825 2805 1842 2826 ‚
1878 2788 1978 2836 quae
1998 2791 2107 2822 con·-

1139 2832 1252 2883 ferri
1278 2829 1462 2902 possunt
1487 2853 1597 2883 cum
1620 2838 1712 2886 illis
1732 2837 1989 2891 Liberianae
2020 2847 2105 2892 Ba·-

1141 2902 1303 2964 filicae,
1331 2902 1448 2953 infra
1472 2903 1743 2958 afferendis.

108 3250 251 3306 liliis,
280 3250 482 3320 rosisque
508 3251 763 3322 intersepto
788 3292 804 3313 ,
840 3255 958 3305 stant
986 3256 1081 3305 duo
1146 3284 1148 3286 v

108 3320 288 3385 Angeli
306 3356 321 3377 ,
339 3325 420 3390 qui
443 3325 535 3372 alas
560 3326 832 3394 expandunt
852 3362 863 3371 .
895 3329 1077 3377 Eorum
1104 3345 1107 3350 ·

116 3416 119 3420 >
176 3389 321 3440 Paul.

1588 3408 1635 3447 A
1651 3421 1675 3447 a
1994 3407 2104 3453 CA·-
