2425 3747
728 261 1234 316 CAPUT
1335 259 1498 312 XVI.

118 333 239 381 lium
257 330 555 380 osculabatur
567 352 583 391 3
597 329 835 378 Diaconus
854 331 988 388 vero,
1005 334 1085 397 qui

115 403 321 452 lecturus
339 415 456 459 erat,
475 398 693 467 Episcopi
717 400 858 466 pedes
885 398 1080 449 exoscu-

115 473 255 529 latus,
276 474 516 540 petitaque
545 469 893 528 benedicstione,
921 472 980 519 ad
993 473 1081 520 Al-

110 553 216 589 -tare
235 539 279 590 se
297 538 584 597 conferebat,
610 536 969 608 osculatumque
992 559 1079 589 vo-

114 610 280 660 lumen
319 607 564 668 elevabat,
597 628 647 657 ac
688 610 887 660 humero
916 612 1080 660 dexte-

111 696 167 729 ro
197 680 609 747 superimponens,
640 679 700 728 ad
724 680 976 730 ambonem
997 682 1082 727 Ec-

114 748 261 798 clefiae
283 748 536 817 pergebat,
565 749 747 799 duobus
776 750 1083 800 Subdiaconis

113 836 223 867 cum
260 819 546 878 thuribulis,
592 839 644 868 ac
685 821 1081 887 thymiamaterio

114 889 488 958 praecedentibus
510 927 520 937 .
559 894 669 940 Duo
700 905 860 940 autem
874 892 1082 957 Acolyti

112 977 229 1006 cum
260 958 524 1010 cereostatis
555 960 915 1020 antecedentes,
948 975 1084 1011 ante,

111 1028 369 1079 ambonem
406 1031 515 1079 hinc
560 1032 670 1082 inde
714 1030 1084 1088 dividebantur,

111 1113 165 1147 ut
196 1119 278 1167 per
303 1101 518 1150 medium
546 1101 794 1150 transirent
826 1101 1083 1150 Subdiaco-

113 1171 244 1227 ni,&
262 1173 502 1219 Diaconus
522 1189 631 1221 cum
652 1174 916 1240 Evangelio
934 1207 944 1218 .
974 1172 1082 1219 Por-

110 1241 164 1286 ro
184 1240 469 1290 Subdiaconi
492 1259 601 1290 cum
622 1241 878 1289 thuribulis
902 1244 948 1287 in
978 1259 1077 1288 am-

111 1307 285 1359 bonem
311 1328 369 1359 ex
394 1328 488 1358 uno
511 1312 657 1360 latere
685 1307 1001 1367 ascendentes,
1022 1329 1080 1359 ex

110 1379 261 1429 altero
288 1377 501 1448 protinus
538 1379 912 1439 descendebant,
952 1380 1079 1429 redi-

110 1447 316 1518 bantque
334 1462 441 1500 ante
461 1450 665 1518 gradum
689 1449 964 1501 ascensionis
984 1469 1083 1498 am·

108 1515 272 1579 bonis,
321 1535 375 1569 ut
419 1519 486 1569 ibi
517 1519 718 1570 starent.
759 1521 1083 1570 Subdiaconus

108 1603 271 1639 autem
296 1590 464 1656 absque
493 1593 888 1658 thymiamaterio
906 1592 950 1641 se
973 1610 1081 1641 ver-

109 1672 211 1708 tens
243 1660 302 1709 ad
344 1664 645 1720 Diaconum,
692 1663 866 1709 laevum
897 1665 941 1711 ei
984 1661 1085 1708 bra-

109 1729 274 1778 chium
290 1729 580 1800 porrigebat,
601 1731 683 1778 ubi
714 1745 911 1797 poneret
925 1734 1080 1777 Euan-

108 1800 328 1868 gelium,
370 1802 662 1868 inventoque
704 1800 941 1849 Leffionis
976 1801 1080 1848 loco

107 1885 196 1936 per
236 1871 384 1917 alium
412 1869 768 1918 Subdiaconum
788 1906 803 1927 ,
845 1889 896 1917 ac
928 1870 1081 1935 digito

108 1936 419 2007 interposito,
446 1941 493 1986 in
518 1938 722 2007 gradum
749 1936 1082 2007 superiorem„

109 2006 415 2057 ascendebat:
437 2008 519 2056 ubi
548 2011 670 2056 clara
700 2027 818 2057 voce
845 2008 973 2057 dicsto
991 2009 1081 2059 Do-

109 2083 251 2128 minus
297 2078 543 2147 vobifium,
577 2075 788 2146 Populus
827 2079 1080 2144 responde-

114 2145 221 2205 bat,
246 2149 305 2199 Et
324 2169 415 2197 cum
426 2151 593 2217 spiritu
609 2166 706 2209 tu03
732 2150 781 2199 &
803 2147 1081 2217 Episcopus,

109 2216 354 2285 omnisque
375 2220 544 2287 gradus
570 2219 1000 2285 Presbyterorum,
1026 2238 1078 2268 ac

109 2288 315 2356 Populus
340 2292 399 2337 ad
414 2292 669 2340 Orientem
694 2308 777 2338 ora
800 2288 1081 2349 vertebant3

111 2359 349 2407 Diaconus
368 2360 481 2409 vero
497 2360 555 2407 ad
569 2360 853 2416 Meridiem,
872 2360 917 2405 in
937 2376 1092 2426 quam*¹

110 2442 293 2495 partem
311 2431 404 2477 viri
432 2429 673 2479 confluere
703 2426 942 2485 solebant,
971 2430 1083 2478 alias

110 2511 269 2546 autem
284 2498 342 2546 ad
355 2502 741 2567 Septentrionem
757 2521 769 2559 3
787 2499 946 2565 ibique
969 2497 1089 2565 post-

109 2585 253 2634 quam
274 2572 670 2635 pronunciaverat
687 2572 919 2638 Sequentia
935 2571 967 2620 S
970 2569 1089 2618 aneti

112 2637 358 2707 Evangelii
380 2643 469 2690 &a
503 2637 745 2708 signabant
764 2638 810 2689 se
834 2658 997 2689 omnes
1026 2638 1082 2687 si-

109 2726 202 2776 gno
226 2711 376 2757 crucis
406 2711 454 2757 in
475 2707 630 2759 fronte
646 2745 662 2767 ,
686 2710 1081 2778 deponebantque

114 2796 338 2836 coronas,
375 2794 457 2827 aut
475 2778 510 2828 fi
536 2779 665 2847 quod
697 2781 826 2829 aliud
853 2783 900 2828 in
927 2782 1081 2847 capite

115 2849 469 2915 operimentum
508 2847 797 2908 habuissent,
829 2853 942 2917 quin
979 2853 1028 2900 δε
1056 2853 1081 2898 ὲ

113 2917 331 2967 manibus
359 2918 548 2969 baculos
567 2958 583 2979 ,
607 2934 660 2968 ut
687 2922 891 2988 Acolyti
925 2938 1082 2970 cereo-

114 2987 229 3035 stata
266 2988 573 3039 dimittebant
609 2987 752 3058 usque
787 2991 900 3040 dum
925 2993 1081 3039 Evan-

116 3058 296 3124 gelium
323 3061 587 3130 legeretur3
615 3078 708 3126 quo
730 3063 872 3120 lecsto,
904 3063 1083 3110 iterum

116 3129 163 3179 se
213 3131 363 3178 crucis
403 3129 532 3199 figno
572 3129 880 3197 Presbyteri,
923 3132 1080 3200 Popu-

115 3196 279 3261 Iusque
308 3200 613 3250 muniebant.
665 3202 880 3251 Diacono
920 3216 1081 3251 autem

115 3263 428 3390 defigendlente
443 3307 459 3333 ,
482 3272 563 3339 qui
585 3267 730 3320 stabat
760 3270 1082 3327 Subdiaconus

207 3354 284 3386 Ar.
330 3375 338 3385 ι

2019 281 2036 310 1
2051 284 2073 312 2

1139 332 1456 399 Evangelium
1477 331 1708 397 accipiens
1728 364 1744 386 ,
1774 330 1822 378 ὃς
1854 286 2114 384 admovens}

1136 401 1317 468 petrori
1334 399 1471 467 super
1486 402 1743 468 planetam,
1760 400 1992 467 Epilcopo
2013 402 2113 469 priss

1135 470 1288 528 mum,
1309 471 1480 519 deinde
1503 469 1927 538 Clerovgradatim,
1947 489 1998 517 ac
2024 474 2110 521 Po-

1137 542 1250 608 pulo
1275 539 1585 588 osculandum
1616 537 1853 608 praebebat
1873 574 1883 584 .
1939 570 1941 572 -

1209 612 1372 668 Quam
1386 611 1631 676 Evangelii
1663 608 1969 658 deosculandi
1993 627 2111 658 con·

1136 679 1436 727 suetudinem
1465 679 1638 746 ubique
1664 682 1710 726 in
1732 674 1933 727 Ecclesia
1954 677 2112 727 serva-

1136 764 1235 796 tam
1262 745 1437 797 fatetur
1453 752 1599 816 jonas
1627 746 1976 798 Aurelianensis
1999 751 2111 816 Epi-

1135 817 1316 885 scopuS‚
1344 818 1607 885 quifloruit
1638 837 1761 867 anno
1782 825 1915 881 841„
1934 820 1979 865 in
1999 837 2111 886 prae-

1135 887 1313 936 satione
1352 888 1461 936 libri
1490 907 1533 936 2.
1576 890 1646 939 De
1684 892 1800 939 culm
1836 890 1918 939 SS.
1948 888 2115 958 Imagi4

1139 978 1236 1008 num
1255 994 1271 1016 ,
1295 957 1377 1006 ubi
1412 961 1478 1005 ait
1509 981 1520 1008 :
1561 959 1680 1009 Nam
1698 963 1831 1028 sucre
1865 961 2113 1029 Religionis

1136 1033 1232 1099 usus
1263 1033 1311 1077 in
1328 1029 1489 1078 SanHa
1508 1030 1693 1097 Ecclefia
1724 1033 1857 1079 adhue
1873 1032 2115 1097 ftrvatur,

1136 1117 1184 1150 ut
1215 1099 1402 1164 perlec‘la
1439 1101 1486 1149 S.
1523 1100 1768 1168 Evangelii
1813 1101 2026 1157 lectione,
2062 1101 2122 1149 ab*

1135 1171 1364 1238 Eplst0p02
1392 1172 1477 1219 vel
1502 1169 1774 1232 Presbyteris
1790 1205 1804 1225 ‚
1840 1173 2114 1238 caeterisffe„

1121 1243 1244 1310 fizcri
1276 1241 1444 1287 ordinis
1484 1240 1721 1306 Religiosis
1739 1276 1754 1297 ,
1786 1239 1916 1286 codex
1955 1246 2002 1289 in
2038 1259 2115 1308 quo

1134 1312 1378 1377 Evangelii
1402 1309 1527 1357 leHio
1555 1315 1736 1358 recitata
1765 1310 1833 1358 esi
1847 1343 1862 1363 ‚
1893 1313 2110 1375 multipli-

1135 1381 1250 1429 cibus
1279 1381 1429 1447 osculis
1457 1396 1689 1427 veneretur
1711 1415 1722 1426 .
1761 1379 1853 1427 Sed
1887 1380 1962 1425 hoc
1997 1387 2117 1445 cujus

1136 1457 1276 1507 causei,
1297 1454 1344 1497 ni
1365 1469 1379 1498 1
1397 1451 1539 1506 illius,
1557 1454 1675 1514 cujus
1705 1449 1846 1499 verba
1870 1449 2115 1507 creduntur,

1137 1527 1330 1592 agimus?
1349 1521 1408 1566 Et
1423 1519 1481 1567 de
1497 1520 1649 1567 Gallis
1671 1519 1759 1567 hoc
1781 1519 1906 1567 idem
1926 1519 2115 1587 expres-

1137 1598 1180 1640 se
1211 1587 1479 1638 Anastasius
1504 1587 1650 1636 tradit
1675 1590 1723 1635 in
1747 1585 2022 1658 praefatione
2057 1588 2116 1638 ad

1139 1665 1259 1711 VII.
1292 1659 1547 1725 Synodum
1565 1695 1576 1705 .

1208 1727 1298 1777 Sed
1320 1741 1373 1773 ut
1393 1727 1449 1774 ad
1469 1725 1708 1794 superiora
1726 1740 1937 1775 revertar
1956 1748 1966 1775 :
1987 1726 2109 1795 post-

1135 1817 1276 1866 quam
1309 1798 1627 1863 Evangelium
1660 1794 1974 1863 unusquisque
2005 1794 2110 1846 fue-

1138 1882 1209 1916 rat
1237 1867 1498 1923 osculatus,
1530 1868 1661 1917 idem
1694 1868 1932 1914 Diaconus
1965 1870 1990 1916 a
2021 1885 2115 1934 quo

1139 1934 1590 1994 circumferebatur,
1622 1938 1814 2006 proprio
1845 1938 1951 1984 loco
1983 1937 2115 1985 resti-

1141 2006 1320 2062 tuebat,
1341 2007 1387 2052 in
1409 2004 1577 2053 eadem
1598 2006 1780 2055 scilicet
1807 2003 1958 2072 capsa,
1973 2024 2118 2072 quam

1137 2080 1257 2127 alter
1277 2077 1604 2140 Acolytorum
1627 2079 1673 2125 in
1697 2075 1841 2145 podio
1862 2077 1993 2124 iuxta
2014 2095 2116 2123 am*-

1135 2147 1310 2196 bonem
1338 2142 1626 2205 asservabat,
1656 2161 1709 2195 ut
1737 2149 1915 2193 iterum
1941 2143 2114 2214 sigilla-

1137 2231 1266 2266 retur
1287 2252 1297 2262 .
1337 2218 1397 2262 Et
1414 2216 1506 2263 haec
1535 2217 1713 2265 vltimo
1747 2216 1872 2263 dicta
1896 2233 1951 2263 ex
1972 2218 2116 2265 tertio

1138 2292 1358 2336 Romano
1374 2285 1559 2335 Ordine
1579 2287 1865 2355 deprompta
1884 2283 2016 2346 sunt3
2035 2285 2117 2333 ubi

1135 2360 1281 2408 etiam
1302 2355 1520 2414 habetur,
1540 2359 1780 2423 Acolytos
1802 2358 1846 2402 in
1869 2354 2120 2422 processio-

1138 2427 1274 2476 nibus
1306 2439 1412 2475 ante
1442 2425 1724 2476 Pontificem
1749 2424 1932 2473 sacrum
1952 2422 2115 2475 Chris-

1142 2518 1217 2546 ma
1233 2534 1248 2555 ,
1269 2499 1319 2548 &
1340 2499 1604 2563 Evangelia
1625 2495 1810 2547 deferre
1833 2495 2020 2558 solitos3
2052 2497 2111 2543 li-

1143 2570 1216 2617 cet
1250 2566 1457 2616 Albinus
1488 2570 1716 2625 Flaccus,
1750 2565 1847 2615 sive
1881 2567 2119 2614 Alcuinus

1140 2639 1304 2688 Caroli
1321 2638 1490 2704 Magni
1518 2637 1754 2706 magister,
1774 2637 1929 2686 delata
1956 2639 1982 2685 a
2002 2638 2117 2684 Dia-

1138 2710 1268 2757 conis
1294 2709 1536 2756 memoria?
1554 2708 1847 2776 prodiderit.
1872 2707 1982 2767 Ejus
2013 2724 2118 2754 ver·

1137 2778 1211 2837 ba,
1230 2778 1400 2845 quibus
1414 2779 1461 2824 in
1478 2779 1743 2845 Evangelio
1763 2775 1958 2826 ferendo
1980 2795 2117 2845 pom-

1136 2850 1261 2916 pain
1295 2844 1664 2916 processionibus
1691 2847 1999 2916 peculiariter
2015 2849 2117 2894 Pal-

1136 2937 1324 2966 marum
1359 2916 1674 2976 describitur,
1712 2919 1808 2967 haec
1844 2914 1987 2965 sunt:
2024 2917 2114 2979 Ho-

1137 2991 1207 3038 die
1233 3004 1409 3053 paratim
1442 2988 1650 3056 quoddam
1671 2992 1958 3054 portatorium
1986 2988 2116 3033 hone·-

1135 3060 1316 3125 ft'iffim?
1334 3096 1350 3116 ,
1382 3063 1431 3107 in
1461 3079 1535 3128 quo
1566 3064 1878 3109 intromittitur
1911 3056 2118 3104 santium

1136 3131 1428 3199 Evangelium
1458 3167 1473 3187 ,
1515 3129 1627 3197 quod
1667 3131 1934 3193 intelligitur
1983 3126 2114 3174 Chri-

1134 3202 1230 3250 sslus
1258 3237 1273 3259 ,
1318 3204 1371 3250 &
1403 3201 1616 3250 flatuum»
1658 3205 1708 3246 in
1751 3193 1936 3258 Ecclesia
1972 3211 2112 3246 anta,

1135 3288 1271 3335 aram,
1300 3271 1411 3321 unde
1433 3273 1582 3323 Clerus
1598 3266 1852 3332 procfftrus
1872 3265 1940 3313 εἶτ’
1955 3286 1969 3325 3
1991 3282 2110 3382 paus-

1552 3340 1599 3384 R
2016 3336 2067 3382 ici
2091 3365 2110 3372 -
2148 3359 2152 3365 =
