2425 3747
338 287 433 316 202

333 340 398 388 rei
427 339 476 388 ἃ
495 339 696 385 latrones
721 338 765 381 in
785 352 836 381 ea
856 333 1111 379 criminum
1137 347 1298 397 poenas

331 410 519 458 luerent
536 443 552 463 ,
583 405 762 468 antiqui
793 398 1134 451 christifideles
1151 401 1299 447 maxi·-

331 479 409 529 mex
445 471 803 539 circumspeRi,
838 472 1096 524 noluerunt
1129 472 1177 517 in
1206 488 1299 518 ea„

332 548 588 615 imaginem
621 539 795 594 Christi
828 542 1048 608 patientis
1079 538 1302 608 affigere,

329 614 408 664 sed
426 611 581 682 potius
600 613 804 679 gemmis
818 647 833 672 ,
852 609 1209 678 margaritisque
1230 628 1301 659 or-

329 698 484 734 natam
509 680 827 749 exposuerunt
843 717 858 739 ,
886 695 939 728 ut
958 679 1139 728 facilius
1164 679 1300 748 inspi-

328 755 560 802 cientium
581 753 742 800 oculos
761 749 933 817 absque
954 752 1147 799 horrore
1179 750 1298 799 adse

326 825 571 879 alliceret,
605 823 685 888 qui
711 821 966 870 earundem
994 839 1297 888 gemmarum

326 895 520 960 aurique
547 890 736 962 fulgore
773 890 969 958 perculsi
993 927 1008 947 ,
1045 892 1177 938 illam
1216 909 1297 940 ve-

326 975 600 1013 nerarentur
627 998 637 1008 .
678 963 864 1009 Similes
890 974 1139 1029 gemmatae
1174 965 1296 1011 Cru-

328 1051 402 1082 ces
438 1032 589 1080 adhuc
623 1030 765 1080 hodie
791 1034 955 1079 Romae
993 1029 1213 1079 visuntur
1250 1033 1297 1078 in

328 1099 640 1169 antiquissima
666 1099 870 1155 Ecclesia
898 1104 940 1148 S.
961 1101 1263 1149 Pudentianae
1278 1139 1294 1160 ‚

325 1175 372 1221 in
397 1169 599 1226 Ecclesia
620 1172 774 1220 Sanffi
806 1171 1027 1238 Stephani
1056 1177 1104 1220 in
1131 1173 1294 1223 Rotun-

311 1244 404 1300 ,αὀ,
434 1245 484 1293 &
511 1244 558 1288 in
586 1239 791 1290 Ecclesia
812 1240 1108 1296 Lateranenfi
1129 1278 1144 1299 ,
1182 1245 1295 1309 quin

327 1316 473 1362 etiam
496 1312 691 1379 depistae
725 1314 771 1359 in
791 1312 1027 1360 nonnullis
1048 1316 1292 1361 Coemete-

324 1385 403 1430 riis
427 1381 680 1431 cernuntur
707 1417 722 1438 ,
760 1395 812 1429 ut
843 1395 1001 1428 narrat
1032 1384 1293 1449 Aringhius

328 1457 374 1501 in
395 1451 473 1499 sua
489 1454 626 1503 Roma
643 1451 926 1506 Sztbterranea
947 1451 1081 1498 lib.2.
1096 1471 1194 1520 cap.
1211 1472 1235 1499 2
1249 1472 1293 1502 2.

321 1526 370 1574 ἃ
389 1521 599 1572 Casalius
620 1525 689 1573 De
706 1540 800 1572 vet.
812 1525 927 1590 fizcr.
944 1523 1193 1574 Christian.
1207 1526 1292 1576 Ri-

323 1595 439 1643 tibus
464 1611 559 1660 par.
588 1613 627 1641 1.
648 1611 747 1660 cap.
777 1612 818 1640 1.

394 1662 581 1728 Qiinto
606 1660 708 1729 post
733 1666 937 1715 Ctucem
960 1662 1183 1710 cathedra
1207 1662 1292 1710 ob-

319 1730 548 1783 servanda
578 1729 643 1783 est
662 1766 677 1787 ,
715 1728 812 1779 five
846 1732 1040 1783 thronus
1071 1745 1292 1791 ornatus,

318 1820 460 1868 quem
492 1814 713 1849 ornatum
743 1797 876 1849 fuisse
914 1799 1290 1868 antiquiffimum

319 1871 444 1940 apud
472 1875 682 1934 Majores
716 1870 894 1920 nostros
926 1872 1287 1923 animadverto:

320 1941 436 1991 adeo
466 1955 520 1989 ut
555 1942 817 1995 Salomonis
846 1959 946 1989 aevo
973 1959 1076 1996 mos
1104 1940 1185 1990 iste
1218 1946 1290 1991 vi-

317 2014 477 2080 guerit
514 2012 741 2059 thronum
779 2011 989 2078 regalem
1033 2010 1287 2061 decorandi

317 2082 545 2130 caelaturis
572 2082 622 2130 ἃ
643 2079 779 2147 lignis
800 2116 809 2126 .
850 2082 908 2129 Id
926 2083 1086 2148 aperte
1113 2083 1288 2151 legitur

319 2149 401 2201 lib.
427 2166 469 2208 3.
501 2154 690 2218 Regum
715 2169 814 2218 cap.
841 2171 915 2199 10.
946 2150 1028 2198 ubi
1055 2149 1178 2200 sacer
1194 2156 1285 2202 Hi-

318 2219 511 2269 storicus
539 2223 605 2267 ait
627 2242 637 2268 :
675 2222 793 2275 Fecit,
818 2226 947 2269 etiam
970 2223 1072 2272 Rex
1088 2224 1121 2272 S
1125 2227 1285 2272 alomon

317 2293 515 2345 thronum
537 2292 588 2340 de
605 2291 721 2340 ebore
736 2293 944 2359 grandem
958 2329 973 2350 ‚
996 2301 1049 2341 Θ·
1076 2295 1287 2344 vestivit

316 2379 413 2411 auro
425 2360 568 2428 fulvo
598 2367 755 2418 nimis,
783 2368 856 2430 qui
877 2361 1058 2415 habebas·
1075 2365 1160 2430 sex
1180 2382 1283 2433 gra-

315 2433 422 2492 dats3
449 2434 739 2499 &ficmmitas
761 2434 907 2482 throni
927 2434 1108 2482 rotunda
1133 2451 1223 2483 erat
1237 2441 1285 2485 in

311 2518 432 2568 parte
441 2506 679 2567 posteriori
691 2539 707 2560 ,
744 2505 798 2552 ἶν’
817 2506 903 2553 due
930 2522 1078 2552 manus
1093 2506 1196 2553 hinc
1214 2524 1282 2554 at-

316 2593 390 2640 que
420 2574 521 2620 inde
546 2591 736 2622 tenentes
747 2574 917 2640 sedile:
956 2579 1010 2624 Θ
1039 2575 1118 2622 duo
1146 2578 1285 2625 leones

316 2643 493 2692 Habent
506 2648 647 2708 juxta
675 2644 1024 2712 manusstngulas
1041 2680 1056 2701 ,
1094 2646 1149 2694 ἴθ’
1179 2646 1281 2694 duo-

315 2714 451 2761 decim
481 2715 664 2763 leunculi
687 2715 854 2763 §lances
873 2717 1002 2781 fitper
1017 2717 1103 2782 sex
1123 2717 1285 2782 gradus

315 2784 416 2831 hinc
435 2799 556 2848 atque
576 2785 698 2832 inde:
721 2802 800 2831 non
820 2784 1063 2852 eft'fizffum
1083 2788 1169 2835 tale
1186 2801 1284 2851 opus

312 2857 364 2901 in
382 2854 601 2919 universts
620 2856 788 2929 Regnis
806 2890 816 2900 .

384 2927 433 2970 A
450 2921 659 2990 Regibus
685 2926 805 2972 sorte
827 2923 1146 2974 Israelitarum
1175 2927 1283 2975 edo-

314 2993 377 3041 &i
414 2997 568 3040 caeteri
606 2993 843 3060 ‘Principes
871 3030 887 3050 ,
938 2995 1281 3062 postmodum-2

316 3064 494 3110 thronis
515 3060 605 3110 suis
629 3077 848 3110 ornatum
871 3067 1249 3114 conciliaverunt
1268 3104 1278 3115 .

316 3132 593 3182 Alexander
613 3133 912 3180 Wilthemius
934 3134 979 3179 in
1001 3131 1083 3181 suo
1105 3137 1283 3202 Dipty-

313 3204 402 3251 cho
435 3200 684 3257 Leodienli
719 3205 813 3259 (ex
844 3219 936 3269 quo
972 3201 1124 3269 postea
1156 3218 1281 3251 tran-

314 3271 493 3341 scripsit
512 3275 749 3323 Ferrarius
774 3275 821 3320 in
840 3271 929 3320 suis
946 3274 1185 3323 Analestis
1213 3275 1282 3329 De

736 261 1160 317 'VETERA
1233 258 1931 311 MONIMENTA

1350 350 1395 377 re
1410 331 1635 379 vestiaria
1654 348 1758 397 pag.
1775 331 1893 377 mihi
1911 337 1995 378 60.
2013 339 2034 392 )
2064 330 2321 396 pulcherri-

1352 417 1486 447 mum
1509 398 1643 447 affert
1664 401 1907 467 exemplar
1930 397 2172 463 cujusdam
2188 403 2317 449 Con-

1353 467 1685 517 sulxsfiomani
1714 471 1761 515 in
1784 472 1952 521 throno
1976 468 2208 531 sedentis,
2238 488 2319 517 cu-

1353 546 1423 602 jus
1461 537 1713 593 brachiolis
1755 536 1872 586 stant
1906 540 2001 589 duo
2036 541 2193 590 leones
2214 574 2233 596 ,
2268 542 2315 588 in

1354 608 1488 663 sedili
1526 609 1641 658 vero
1676 605 1892 658 visuntur
1934 611 2127 678 gemina
2163 611 2318 663 homi-

1352 697 1468 728 num
1492 682 1675 749 capita,
1705 676 1823 727 ficut
1840 681 1887 734 in
1907 698 1962 730 eo
1980 699 2121 747 quern
2145 677 2319 733 descri-

1351 747 1524 818 psimus
1546 786 1555 796 .
1595 751 1726 799 Hinc
1755 749 1970 798 divinare
1999 769 2093 800 non
2123 753 2215 799 erit
2238 748 2318 800 ab·-

1350 819 1550 877 sonum,
1587 820 1697 869 ideo
1733 816 1853 879 jussu
1891 818 2140 877 Pontificis
2170 817 2318 888 Xysti

1351 892 1575 939 thronum
1603 892 1726 942 hunc
1754 891 1847 935 BB.
1867 887 2210 956 Apostolorum
2236 893 2317 939 Pe-

1352 962 1475 1010 tri&
1490 962 1619 1008 Pauli
1641 957 1871 1029 capitibus
1887 956 2103 1007 consulto
2125 960 2316 1010 decora-

1351 1047 1455 1080 tum
1474 1026 1605 1079 fuisse
1618 1066 1633 1087 ,
1648 1030 1776 1097 quod
1795 1027 1901 1096 ipfis
1921 1027 2118 1097 potestas
2136 1033 2161 1079 a
2179 1032 2313 1080 Chri-

1347 1101 1414 1150 sto
1455 1102 1701 1152 Salvator-e
1749 1101 1933 1149 collata
1961 1096 2026 1148 est
2066 1099 2312 1163 judicandi

1347 1171 1605 1227 duodecim
1627 1169 1775 1219 tribus
1800 1166 1942 1219 Israel
1962 1192 1977 1231 3
2013 1187 2103 1236 qua
2123 1168 2209 1238 ipfi
2228 1174 2318 1220 Re-

1346 1245 1394 1310 gi
1425 1243 1586 1311 gloriae
1610 1277 1626 1298 ,
1663 1255 1889 1308 tanquam
1916 1241 1940 1288 a
1968 1241 2114 1290 latere
2149 1240 2208 1289 ad
2240 1260 2314 1295 ex·-

1334 1327 1558 1362 vtremum
1591 1309 1715 1360 orbis
1735 1311 1982 1358 criterium
2006 1308 2205 1360 affistere
2233 1312 2316 1361 de·

1348 1382 1483 1432 bent.
1506 1382 1690 1430 Throni
1710 1395 1871 1429 autem
1901 1381 1948 1426 in
1969 1378 2322 1431 summitatibus

1347 1454 1550 1520 exprimi
1593 1469 1767 1500 canum
1804 1452 1959 1518 capita
1995 1451 2156 1498 voluit
2187 1451 2316 1501 idem

1347 1519 1565 1572 Pontifex
1581 1558 1596 1579 ‚
1627 1521 1686 1569 ad
1706 1519 2028 1569 denotandam
2044 1517 2229 1570 fortasse
2249 1525 2316 1570 vi·-

1345 1594 1590 1661 gilantiam
1619 1593 1669 1642 &
1688 1608 1848 1638 curam
1864 1626 1879 1647 ,
1912 1609 2011 1655 quae
2035 1591 2081 1637 in
2102 1590 2317 1642 Ecclefiis

1348 1663 1562 1710 habenda
1585 1659 1674 1719 est,
1703 1660 1890 1726 quando
1914 1662 2090 1728 legitur
2104 1663 2318 1730 Evange-

1347 1734 1495 1788 lium,
1520 1733 1569 1781 δι’
1596 1733 1643 1777 in
1667 1729 1772 1780 sede
1796 1729 2055 1791 Majestatis
2082 1727 2170 1779 suae
2188 1734 2317 1785 Deus

1346 1803 1567 1851 adoratur
1588 1838 1598 1848 .
1638 1803 1769 1850 Huic
1807 1799 2173 1868 hieroglyphico
2205 1803 2315 1851 ada-

1345 1874 1467 1941 ptari
1494 1870 1597 1921 sanz}
1619 1870 1768 1939 potest
1788 1874 1831 1918 S.
1851 1869 2103 1939 Augustini
2121 1873 2249 1922 locus
2268 1876 2316 1924 in

1342 1940 1484 2011 Epist.
1497 1950 1574 2001 56‘.
1594 1944 1915 2012 adDiosZvrum
1931 1943 1984 1991 de
2000 1943 2173 2010 curiost's
2186 1942 2318 2018 Qae-

1339 2013 1556 2064 Hionibus
1573 2048 1587 2068 ‚
1616 2010 1695 2067 ubi
1716 2011 1802 2061 fic:
1832 2010 2028 2081 Episcopi
2052 2014 2138 2062 is'Zi
2153 2015 2324 2084 etiamst

1341 2086 1619 2153 adolescentes
1642 2119 1658 2139 ‚
1695 2084 1834 2132 eodem
1871 2101 2013 2133 tamen
2041 2103 2117 2152 quo
2150 2090 2315 2151 raperis

1339 2161 1478 2204 animi
1502 2154 1650 2202 ardore
1666 2189 1682 2210 ,
1719 2157 1804 2204 ‘vel
1816 2159 1962 2220 potius
1997 2174 2164 2212 errore,
2201 2156 2324 2225 quast

1338 2226 1512 2294 aliquid
1538 2242 1734 2292 magnum
1762 2226 1844 2272 haec
1861 2225 2079 2281 dicerent,
2113 2242 2315 2276 curarunt

1339 2298 1463 2365 usque
1492 2295 1551 2343 ad
1563 2298 1703 2346 Canes
1723 2295 2012 2361 Episcopales,
2042 2298 2096 2345 ὼ·
2118 2297 2243 2364 usque
2259 2297 2318 2345 ad

1339 2366 1564 2416 cathedras
1601 2365 1920 2433 Ecclefiafi'icas
1953 2401 1963 2412 .
2017 2367 2179 2431 Qare
2218 2368 2313 2415 haec

1339 2440 1383 2485 S.
1418 2434 1673 2503 Augustini
1705 2435 1958 2484 aucotoritas
1993 2436 2189 2483 videtur
2222 2437 2311 2485 hoc

1338 2506 1468 2556 idem
1502 2505 1921 2572 hieroglyphicum
1950 2504 2009 2553 de
2038 2507 2206 2557 Canum
2234 2525 2309 2553 caa

1338 2577 1515 2645 pitibus
1541 2576 1588 2621 in
1611 2573 1883 2625 summitate
1913 2575 2070 2624 throni
2091 2574 2312 2643 appositis

1339 2648 1604 2696 luculenter
1653 2647 1891 2713 explicare
1922 2683 1938 2704 ‚
1988 2645 2310 2711 illorumque„

1340 2732 1611 2784 temporum
1649 2733 1832 2764 morem
1871 2718 1918 2764 in
1951 2711 2309 2782 Episcopalibus

1340 2786 1575 2836 cathedris
1617 2782 1789 2835 similia
1821 2789 2006 2834 Canum
2035 2787 2189 2852 capita
2220 2804 2305 2833 cae·

1338 2857 1467 2906 landi
1490 2893 1505 2914 ,
1543 2852 1623 2904 seu
1666 2855 1982 2924 appingendi:
2021 2855 2127 2902 hinc
2163 2856 2309 2905 eriam

1336 2925 1459 2976 istud
1480 2926 1685 2976 doctoris
1709 2927 1907 2972 maximi
1930 2925 2112 2974 dicium
2138 2926 2305 2991 aliqui-

1338 2996 1422 3046 bus
1455 3011 1591 3046 antea
1627 2993 1881 3049 obscurum
1912 3031 1927 3052 ,
1967 2993 2193 3043 illustrari
2232 2996 2302 3043 vi-

1335 3066 1477 3115 detur
1496 3089 1512 3128 3
1540 3062 1648 3113 cum
1668 3066 1884 3113 nonnulli
1911 3063 2178 3113 censuerint
2195 3065 2303 3113 loco

1337 3140 1477 3189 Canes
1490 3172 1507 3194 ,
1523 3138 1658 3186 Canos
1678 3135 1934 3202 legendum
1956 3131 2043 3184 effe
2062 3170 2072 3181 .
2106 3137 2220 3183 Non
2239 3137 2304 3182 in-

1336 3222 1602 3274 congruum
1628 3206 1773 3253 etiam
1793 3219 1911 3273 puto
1931 3241 1947 3263 ‚
1984 3203 2018 3253 fi
2038 3203 2170 3252 aliud
2194 3202 2303 3254 affe·⁴

1335 3293 1437 3329 ram
1463 3275 1736 3342 exemplum
1761 3276 1979 3344 pisturae,
2007 3292 2105 3342 quae
2132 3272 2197 3324 est
2213 3276 2301 3323 in„

2173 3346 2300 3399 codi-
