2482 3742
643 260 1148 318 CAPUT
1247 261 1456 314 XXII.

55 333 218 388 codice
246 338 426 406 magnae
457 334 596 384 molis
631 333 915 404 imaginibus
942 353 1017 385 oi·-

54 421 165 455 nato
196 444 212 465 ‚
248 410 326 473 qui
362 408 479 456 olim
511 417 611 452 erat
644 407 692 453 in
724 405 1017 454 Monasterio

53 478 100 524 S.
128 479 328 525 Martini
358 471 581 526 Metensis
606 511 622 533 ,
658 493 782 523 nunc
810 474 926 525 vero
948 473 1016 523 as-

52 545 269 597 servatur
303 548 351 594 in
380 545 676 594 Bibliotheca
706 545 987 595 Colbertina
1008 581 1018 591 .

53 616 122 663 Ex
127 617 351 684 primitur
374 617 421 662 in
437 614 605 664 eadem
621 614 807 683 depifta
823 615 1022 663 tabula„

57 686 260 734 Carolus
298 687 477 735 Calvus
510 689 617 733 Rex
656 687 705 732 in
740 686 912 734 throno
953 683 1020 734 se-

55 755 196 812 dens,
221 756 272 805 &
304 758 536 823 accipiens
570 755 775 804 eundem
805 755 1021 805 codicem

54 824 139 874 fibi
161 825 288 873 dono
307 826 498 874 datum.
520 829 575 875 In
595 827 881 894 angulorum
899 824 1021 873 sum-

52 897 222 943 mitate
256 894 476 945 visuntur
504 896 600 944 duo
632 900 783 946 Canes
810 898 1019 946 invicem

54 962 100 1012 se
121 963 418 1032 respicientes
435 1002 451 1024 ,
476 983 558 1015 ore
588 964 789 1035 expanso
812 964 939 1032 quasi
959 967 1023 1012 la-

54 1047 262 1096 trantes;
293 1054 351 1085 ex
381 1054 474 1102 quo
504 1035 676 1085 deduci
710 1033 834 1105 posse
864 1033 1020 1086 existi-

11 1121 13 1124 ·
53 1123 133 1152 mo
174 1107 423 1173 antiquum
456 1124 640 1155 morem
669 1105 900 1154 similibus
931 1109 1023 1154 Ca-

54 1174 191 1225 nibus
222 1177 503 1224 thronorum
538 1174 757 1224 sublimia
789 1175 986 1223 ornandi
1011 1213 1020 1223 .

51 1248 197 1295 Hanc
229 1245 468 1294 Tabulam
495 1247 543 1291 in
562 1247 719 1293 lucem
746 1245 899 1294 edidit
923 1263 1025 1293 eru-

55 1312 305 1364 ditiffimus
326 1315 583 1381 Stephanus
611 1315 830 1362 Baluzius
858 1315 904 1360 in
933 1311 1024 1361 suis

54 1387 178 1434 notis
204 1384 262 1434 ad
279 1384 575 1453 Capitularia
593 1398 658 1433 to.
682 1402 726 1431 2.
744 1403 849 1453 pag.
873 1393 1020 1441 1276.

123 1455 264 1504 Sexto
293 1472 376 1522 per
393 1472 603 1523 pannum
619 1491 635 1513 ,
665 1472 757 1521 quo
778 1452 1025 1521 tegebatur

56 1528 279 1595 pulvinar
304 1560 320 1582 ,
379 1522 633 1593 designasse
679 1521 1024 1574 Christifideles

54 1615 160 1647 eam
187 1594 486 1664 syndonem,
514 1613 604 1660 qua
623 1595 797 1644 Christi
826 1595 1024 1642 Domini

53 1670 79 1718 ἐ
96 1671 253 1716 Cruce
279 1663 548 1733 depositum
576 1682 744 1732 corpus
763 1662 858 1713 fuit
885 1666 1024 1711 invo-

56 1739 232 1795 lutum,
249 1736 421 1784 rationi
440 1735 648 1782 maxime
668 1733 925 1785 consonum
946 1731 1025 1781 est.

124 1809 183 1855 Et
205 1808 297 1854 haec
322 1804 460 1862 sunt,
500 1823 598 1871 quae
619 1807 665 1851 in
688 1806 822 1869 hujus
841 1801 1027 1851 orbicu-

54 1878 162 1928 laris
181 1879 361 1942 Figurae
391 1874 527 1924 brevi
563 1875 883 1923 declaratione
910 1891 1020 1940 pro-

54 1948 174 1996 ferre
205 1962 472 2015 congruum
499 1945 647 2006 duxi5
684 1947 819 2014 plura
847 1946 896 1994 ὃς
925 1961 1024 1991 me-

55 2020 176 2066 liora
193 2015 385 2065 dicendi
404 2017 480 2065 cui
502 2014 648 2064 libeat
671 2018 933 2082 liceatque,
958 2010 1025 2060 fa·

57 2089 289 2137 cultatem
316 2106 368 2134 ac
389 2085 590 2155 spatium
620 2088 910 2153 relinquens.

127 2161 270 2208 Hanc
288 2157 406 2206 vero
426 2157 636 2207 mediam
669 2159 914 2224 excipiunt
932 2153 1028 2202 duo

58 2231 188 2287 viri,
226 2246 397 2296 nempe
427 2231 470 2276 S.
501 2229 664 2276 Petrus
686 2231 711 2277 ὲ
742 2229 858 2275 laeva
878 2262 894 2284 ,
931 2226 979 2274 ἃ
1005 2227 1031 2273 a

59 2299 253 2348 dextera
284 2298 499 2367 respeffiffl
531 2295 798 2366 aspicientis
832 2300 876 2344 S.
910 2296 1030 2342 Pau-

60 2373 130 2419 lus
148 2405 163 2426 ‚
190 2384 387 2436 uterque
416 2367 521 2417 albz'i
542 2366 731 2426 tunica,
762 2368 1032 2435 pallioque)

56 2439 369 2506 superinduto
390 2438 669 2507 conspicuus
690 2460 699 2486 :
722 2440 769 2485 in
789 2442 920 2500 cujus
937 2437 1032 2484 oris

62 2506 338 2574 laciniisque
376 2510 551 2577 legitur
588 2525 951 2577 monogramma
990 2508 1028 2554 Ι.

62 2581 231 2645 dequo
248 2576 346 2627 fuse
372 2577 533 2647 saepius
556 2581 738 2646 egimus
769 2581 816 2626 in
834 2597 935 2645 cap.
962 2578 1032 2627 De

62 2648 268 2702 ‘vestibus
303 2652 494 2699 literatis
525 2684 535 2694 .
574 2650 703 2697 Hinc
739 2649 848 2698 inde
885 2648 1031 2715 capiti

62 2724 125 2771 D.
141 2721 267 2768 Petri
290 2721 547 2768 imminent
559 2754 576 2776 ‚
591 2720 767 2784 Aquila
783 2722 808 2767 ὲ
825 2719 1003 2767 dextris
1016 2753 1032 2774 ‚

63 2791 285 2858 Angelus
303 2792 330 2840 ὲ
346 2787 535 2838 finistris
557 2810 570 2848 ;
602 2789 651 2838 ὃ(
667 2787 833 2837 ordine
862 2789 1033 2838 eodem

65 2865 93 2911 ὲ
121 2862 237 2908 laeva
272 2863 332 2908 D.
365 2860 496 2907 Pauli
535 2859 663 2917 Leo,
701 2861 789 2906 Bos
822 2872 982 2907 autem
1009 2861 1034 2906 a

64 2934 261 2981 dextera
288 2951 298 2978 :
334 2947 433 2994 quae
463 2942 666 2995 quatuor
701 2929 921 2976 animalia
940 2963 955 2985 ,
980 2941 1036 2974 ut

64 3001 230 3069 saepius
255 2999 438 3048 dietum
464 2996 530 3047 est
552 2996 686 3067 supra
708 3000 755 3045 in
787 2995 1034 3046 Ecclesia„

68 3076 114 3120 S.
147 3069 324 3118 Sabinae
340 3106 356 3128 ,
394 3081 607 3137 quatuor*
627 3067 942 3136 Evangelistas
968 3085 1034 3116 re-

68 3138 347 3212 praesentant
366 3176 377 3187 .

159 3207 254 3258 Sub
284 3210 453 3258 eadem
485 3207 739 3257 orbiculari
767 3206 912 3277 figura
946 3225 1031 3256 no·

69 3298 176 3332 men
207 3279 443 3328 Pontificis
482 3279 619 3342 hujus
646 3280 801 3345 operis
832 3279 1032 3328 missoris

79 3374 82 3378 ·
137 3347 284 3403 ParJ.

1943 284 2003 313 20
2014 281 2035 321 3

1071 332 1302 382 insertum
1327 334 1393 382 est
1417 330 1576 382 verbis
1603 328 1903 400 sequentibus
1925 338 2041 383 ΧΥ-

1071 405 1235 453 STVS
1268 404 1620 454 EPISCOPVS
1651 405 1833 451 PLEBI
1865 405 2005 452 DEI.
2063 464 2066 468 Δ

1158 475 1206 521 Si
1239 472 1353 522 bene
1382 474 1734 542 perpendantur
1763 476 1856 521 hacc
1888 474 2040 522 hiero-

1071 543 1334 612 glyphica,
1369 542 1574 610 litusque
1602 562 1696 610 quo
1729 542 1875 612 posita
1906 542 2043 601 sunt,

1074 633 1126 661 ac
1144 612 1438 661 consuetudo
1457 613 1738 680 quandoque
1767 618 1792 663 a
1810 612 1973 681 priscis
1991 612 2045 660 fi-

1075 681 1258 731 delibus
1275 679 1547 740 observata,
1581 687 1907 732 Romanorum
1924 687 2044 732 ritus

1075 756 1122 800 in
1154 754 1365 820 proprios
1396 751 1753 802 transfundendi
1779 790 1796 811 ,
1831 755 2046 802 animad-

1073 836 1340 879 vertemus,
1368 823 1434 869 nil
1456 827 1790 891 congruentius
1809 826 1855 870 in
1876 826 2043 871 trium-

1075 893 1221 961 phalis
1254 892 1382 940 arcus
1406 889 1589 960 fastigio
1616 894 1831 961 Xystum
1857 895 2043 945 locare„

1074 958 1303 1031 potuisse,
1330 966 1471 1028 quam
1503 964 1740 1013 Victorem
1768 961 2014 1012 Christum
2031 1002 2047 1023 ,

1075 1050 1217 1100 quem
1248 1034 1450 1081 exaltata
1482 1037 1615 1082 Crux
1647 1034 1871 1090 denotat,
1901 1034 2045 1084 cum

1078 1106 1126 1151 in
1162 1104 1414 1171 prophanis
1448 1105 1805 1171 triumphorum
1842 1104 2048 1153 arcubus

1076 1174 1414 1241 triumphantis
1434 1175 1591 1241 imago
1619 1172 1814 1241 superne
1843 1175 2048 1223 colloca·-

1077 1257 1209 1292 retur
1227 1279 1242 1300 ,
1279 1257 1332 1290 ut
1360 1240 1496 1310 supra
1515 1242 1808 1292 ostendimus
1828 1281 1838 1291 .

1143 1312 1313 1369 Adde,
1343 1313 1472 1378 quod
1496 1314 1545 1362 &
1572 1315 1619 1360 in
1642 1316 1820 1363 caeteris
1843 1315 2047 1360 aliorum

1075 1383 1369 1449 templorum
1402 1381 1630 1442 arcubus,
1669 1402 1784 1450 quos
1816 1380 2049 1431 describe-

1076 1470 1180 1500 mus
1199 1454 1287 1501 hoc
1306 1453 1412 1501 loco
1429 1489 1445 1509 ,
1482 1450 1663 1521 semper
1693 1456 1850 1520 imago
1872 1451 2048 1501 Christi

1078 1525 1231 1571 locata
1255 1522 1321 1571 est
1336 1559 1352 1580 ,
1372 1542 1423 1570 ac
1444 1524 1489 1571 in
1511 1521 1693 1572 summa
1712 1522 1972 1572 eorundem
1990 1519 2053 1569 sa-

1078 1596 1168 1650 cie,
1181 1611 1269 1659 que
1287 1595 1616 1660 pavimentum
1639 1592 2054 1662 1‘espicit,aliquod

1081 1681 1443 1730 monogramma
1492 1662 1780 1731 conspicitur
1811 1699 1827 1720 ,
1878 1663 2053 1712 Christi

1081 1733 1363 1801 quandoque
1383 1750 1559 1780 nomen
1580 1769 1595 1790 ,
1633 1734 1914 1799 quandoque
1934 1733 2054 1780 Pon-

1083 1802 1220 1852 tificis
1256 1800 1563 1852 Musivorum
1601 1822 1804 1871 operum
1847 1800 2056 1850 constru-

1079 1869 1220 1924 &oris
1241 1873 1560 1940 comple6³oens
1577 1895 1592 1933 3
1630 1872 1863 1942 praesentis
1891 1886 2055 1920 autem

1080 1943 1210 1992 arcus
1254 1960 1617 2009 monogramma
1660 1945 1707 1990 in
1746 1943 1915 1992 eadem
1960 1942 2056 1989 Ta-

1082 2014 1193 2063 bula
1223 2014 1304 2061 IL.
1338 2014 1409 2060 lit.
1428 2016 1486 2062 C.
1513 2012 1886 2062 demonstratur.
1925 2013 2056 2061 Lite-

1082 2104 1140 2133 rae
1158 2100 1518 2150 monogramma
1535 2081 1872 2132 constituentes
1886 2118 1901 2140 ,
1920 2083 2059 2132 Chri-

1082 2153 1138 2203 sti
1173 2172 1347 2202 nomen
1381 2155 1658 2220 exprimunt
1689 2189 1704 2210 ,
1752 2167 1805 2201 ut
1835 2150 1934 2200 fuse
1973 2153 2057 2200 de-

1083 2224 1315 2274 monstrat
1342 2223 1604 2290 Aringhius
1635 2225 1682 2270 in
1703 2221 1781 2271 sua
1800 2225 1939 2274 Roma
1952 2222 2057 2271 Sub-

1085 2311 1281 2346 terranea
1312 2292 1393 2341 lib.
1423 2302 1472 2342 6.
1515 2311 1616 2361 cap.
1662 2308 1742 2351 23.
1772 2295 1910 2350 Scio,
1946 2297 2058 2340 For-

1086 2368 1276 2414 tunium
1307 2365 1525 2411 Licetum
1557 2362 1638 2411 lib.
1662 2371 1710 2412 6.
1746 2382 1846 2430 cap.
1878 2381 1960 2427 47.
1991 2362 2062 2411 De

1084 2437 1318 2486 reconditis
1348 2439 1617 2501 antiquorum
1644 2436 1830 2483 lucernis
1850 2469 1865 2490 ,
1906 2431 2061 2480 simile

1085 2523 1444 2576 monogramma
1462 2508 1487 2553 a
1507 2503 1786 2554 Gentilibus
1805 2505 1952 2553 etiam
1970 2499 2059 2549 ufi-

1085 2592 1239 2626 tatum
1267 2572 1475 2635 referre3
1511 2575 1822 2623 nihilominus
1849 2573 1897 2620 id
1927 2590 2062 2620 non-2

1085 2647 1237 2697 obstat
1273 2647 1387 2712 quin
1423 2642 1558 2713 prisci
1595 2642 1934 2693 Christifideles
1973 2660 2058 2710 pro

1088 2716 1265 2767 Christi
1322 2717 1516 2764 nomine
1566 2714 1687 2761 illud
1746 2712 2017 2780 usurparint
2045 2748 2060 2769 ,

1087 2786 1198 2837 curn
1220 2790 1297 2842 (ut
1318 2783 1432 2853 saepe
1461 2787 1572 2834 alias
1599 2783 1843 2847 diximus)
1871 2785 2065 2832 multa...

1087 2858 1143 2906 ab
1180 2853 1357 2906 eisdem
1396 2851 1670 2904 Gentilibus
1712 2855 1920 2902 mutuati
1960 2850 2062 2903 fue-

1088 2930 1184 2975 rint
1202 2963 1211 2972 .
1233 2927 1355 2973 Aliae
1371 2925 1473 2973 duae
1491 2925 1636 2972 literae
1658 2928 1704 2972 A
1722 2961 1738 2981 ,
1768 2926 1818 2974 ἃ
1843 2921 1888 2968 Ω
1904 2960 1919 2981 ,
1935 2941 2063 2971 nem-

1088 2998 1142 3065 pe
1164 2995 1312 3050 Α’Ἄφα
1328 3030 1343 3052 ,
1373 2996 1423 3045 &
1462 2992 1636 3061 Q'Iue'yoe
1652 2996 1829 3045 Graecae
1847 2992 1953 3040 sunt
1968 3027 1983 3048 ,
2009 3009 2061 3039 ac

1087 3064 1344 3135 ipsummet
1376 3069 1535 3113 Deum
1571 3067 1813 3121 innuunt,
1848 3075 1901 3109 ut
1937 3057 2064 3127 ipse-2

1087 3133 1391 3204 Evangelista
1410 3138 1619 3203 Joannes
1650 3130 1971 3187 innotescere,
2008 3149 2062 3178 ac

1087 3222 1321 3256 terrarum
1339 3204 1440 3255 orbi
1465 3206 1619 3271 palam
1636 3201 1734 3250 fieri
1753 3202 2063 3268 voluit.Apo-

1086 3279 1173 3326 cal.
1195 3279 1326 3326 enim
1345 3293 1445 3340 cap.
1468 3293 1506 3321 1.
1540 3274 1589 3321 ἃ
1611 3289 1691 3317 22.
1718 3270 1919 3338 Egofism
1955 3273 2064 3326 (in-

1507 3345 1548 3388 C
1568 3359 1592 3387 c
1614 3359 1639 3386 2
1932 3342 2059 3405 quit)
