2425 3747
372 254 398 298 8
772 246 1990 302 VETERAMONIMENTA

373 318 625 368 consti-usti
653 319 786 368 nobis
819 318 1073 367 transmisit
1099 354 1114 374 ‚
1161 319 1221 366 de
1251 335 1343 383 quo
1385 317 1875 390 fior.1fldoruslib.15
1900 320 2190 386 c-8.Absz'a'a,
2208 323 2383 388 inquit,

369 386 454 437 suo
475 389 607 438 loco.
639 392 842 439 Interim
867 390 1114 436 audiamus
1130 389 1342 435 Plinium
1397 394 1537 442 Graeco
1566 394 1762 460 sermone
1789 427 1805 448 ‚
1852 392 2014 440 Latine
2072 389 2381 458 interpretatur

371 458 563 508 easdem
594 458 808 507 Basilicas
835 455 1183 506 describentem
1209 495 1224 515 ,
1259 461 1339 523 qui

370 528 677 597 lib.6'.epist.3
689 545 732 586 3.
748 529 978 585 Sedebant,
993 529 1165 593 inquit,
1180 528 1336 597 ‘’Jttdi-

370 623 436 650 ces
449 618 613 649 centum
630 603 684 648 (Υ
702 600 916 666 οὲἷοὲἰηῑα
931 635 945 656 ,
971 603 1123 666 ingens
1141 607 1339 666 utrinque

371 672 696 722 Advocatorum
726 705 740 726 ,
783 672 837 717 (δ’
861 670 1155 720 Amantium
1192 687 1341 720 corona

367 742 615 805 latiffimttm
644 739 884 805 ‘Judicium
914 743 1149 805 multiplici
1183 744 1344 791 circulo

366 810 581 860 ambiebat
605 843 615 853 .
654 808 726 859 Ab
751 811 825 857 boc
851 812 1062 876 stipatum
1098 810 1318 861 Tribunal
1330 849 1345 869 ,

368 899 492 947 atque
519 884 650 928 etiam
674 900 729 927 ex
744 881 962 947 fhperiori
1000 884 1220 927 BAsmcAE
1243 898 1345 948 par-

369 970 412 1000 te
428 987 442 1008 ,
477 956 556 1018 qua
573 947 752 1017 ftminae
771 985 785 1005 ‚
816 957 895 1018 qua
920 955 1060 1009 viri,
1088 952 1143 1001 ὅ*
1172 953 1347 1002 audien-

367 1023 418 1070 di
432 1021 542 1088 qaod
557 1037 649 1068 erat
674 1020 877 1088 dffcile,
891 1024 945 1071 ὠ·
962 1023 1073 1090 quod
1076 1021 1220 1089 filcile
1234 1059 1249 1079 ,
1264 1028 1346 1074 ‘vt‘-

355 1092 490 1164 findi
502 1091 650 1140 ft'udio
674 1092 987 1152 imminebant;
1018 1093 1144 1141 unde
1169 1096 1345 1142 Seneca

367 1166 420 1212 de
434 1160 509 1210 Ira
535 1161 616 1208 lib.
638 1176 681 1218 3.
708 1180 746 1208 c.
769 1177 791 1219 3
804 1177 846 1219 3.
867 1160 1058 1228 fremitu
1074 1164 1345 1228 judiciorum

365 1231 563 1301 Bafilicae
599 1233 823 1300 ressmant.
864 1231 1027 1281 Postea
1065 1251 1175 1281 cum
1207 1237 1232 1283 a
1265 1239 1343 1285 Se-

367 1300 614 1351 natoribus
636 1337 652 1359 ,
692 1303 774 1369 qui
803 1301 918 1351 illuc
944 1302 1235 1362 veniebant,
1266 1308 1344 1355 vel

366 1370 395 1423 {i
422 1371 677 1442 Judicibus
701 1407 717 1429 ,
760 1374 842 1438 qui
883 1373 949 1421 ibi
977 1375 1130 1422 omnis
1160 1380 1346 1443 generis

367 1439 526 1491 causas
558 1438 841 1510 cognoscere
857 1478 873 1500 ,
896 1445 977 1492 vel
1001 1444 1057 1491 ab
1074 1445 1346 1496 hominibus

365 1514 562 1582 peritis,
591 1513 670 1579 qui
702 1512 956 1563 clientibus
980 1514 1098 1563 inibi
1126 1516 1184 1565 de
1208 1522 1343 1582 jure)

364 1581 651 1652 respondere
672 1580 887 1632 solebant
904 1622 920 1643 ,
958 1586 1088 1634 locus
1123 1602 1342 1646 vacaret,

363 1658 661 1704 Mercatores
691 1653 903 1713 ibidem,
928 1675 981 1703 ac
1010 1660 1340 1706 Nummularii

365 1725 602 1792 negotiari
657 1740 907 1792 coeperunt
941 1749 956 1786 3
1008 1727 1136 1793 quod
1184 1731 1344 1776 innuit

364 1795 561 1843 Balilica
590 1796 989 1862 Argentariorum
1007 1833 1023 1854 ,
1056 1799 1103 1844 in
1133 1798 1344 1847 ostam-⁴

361 1863 518 1918 Urbis
547 1867 797 1932 Regione,
826 1865 885 1915 de
918 1883 1008 1932 qua
1035 1870 1263 1917 meminit
1293 1871 1342 1917 P.

364 1935 570 1994 Vistor3
595 1932 682 1982 nisi
711 1934 869 2002 potius
893 1936 1184 1996 dicendum,
1215 1940 1343 2007 quod

363 2008 660 2056 Mercatores
685 2005 742 2052 ad
769 2004 1073 2056 Basilicarum
1096 2006 1343 2060 formam-2

363 2074 715 2124 construxerint
734 2076 864 2133 loca,
894 2077 941 2123 in
964 2076 1133 2144 quibus
1165 2099 1343 2130 conve-

364 2147 469 2194 nire
499 2142 708 2212 possent,
743 2160 797 2193 ut
826 2149 974 2195 etiam
998 2149 1143 2197 hodie
1172 2153 1221 2197 in
1253 2153 1339 2199 ali-

364 2214 540 2283 quibus
570 2215 894 2274 Civitatibus,
922 2219 971 2268 &
996 2222 1228 2289 praecipue
1250 2223 1338 2271 in-‚

364 2287 511 2334 maris
532 2284 765 2333 Portubus
786 2286 976 2337 obtinet
992 2326 1002 2335 .

436 2357 597 2422 Qiare
615 2354 794 2404 eisdem
817 2358 931 2406 locis
957 2358 1015 2407 ad
1033 2358 1339 2411 Basilicarum

362 2423 570 2474 formam
597 2424 870 2477 construffitis
889 2427 1095 2479 Basilica?
1123 2450 1338 2482 nomen-2

361 2494 541 2545 Priscos
557 2495 773 2546 indidisse
800 2500 1112 2562 conjeshirari
1131 2502 1254 2551 haud
1272 2519 1342 2554 te-

362 2567 494 2615 mer&
542 2565 695 2634 potest
721 2603 731 2613 .
774 2570 1135 2619 Novemdecim
1170 2575 1336 2625 Romae

363 2633 582 2685 Basilicas
613 2634 746 2685 fuisse
782 2638 914 2687 idem
943 2641 1117 2689 Victor
1146 2659 1305 2692 narrat
1324 2682 1334 2692 .

363 2707 517 2754 Locus
556 2706 673 2755 ver&
715 2704 797 2755 ubi
838 2707 1121 2759 Tribunalia
1154 2711 1338 2762 stabant

360 2776 624 2843 hemicycli
637 2774 842 2826 formam
853 2780 1106 2840 retinebat,
1119 2801 1259 2849 quare
1277 2783 1334 2832 ab

362 2842 464 2913 ipso
482 2845 738 2895 Tribunali
755 2848 983 2899 Tribunae
1001 2871 1180 2902 nomen
1197 2851 1334 2902 sorti-

359 2929 437 2964 tus
459 2914 550 2974 est,
570 2917 650 2981 qui
667 2919 813 2966 etiam
828 2918 884 2966 ab
901 2921 1136 2987 aliquibus
1152 2922 1333 2973 Absida

363 2985 518 3034 di&us
532 2985 625 3033 fuit
639 3020 655 3042 ,
674 2988 734 3036 de
749 3006 838 3053 qua
852 3007 970 3039 voce
987 2995 1028 3039 S.
1048 2994 1268 3043 Paulinus
1284 2997 1331 3042 in

359 3055 507 3122 Epist.
533 3077 550 3105 1
565 3074 608 3102 2.
627 3056 685 3104 ad
704 3061 935 3107 Severum
949 3097 965 3118 ,
982 3063 1072 3110 ait:
1093 3065 1244 3114 Sedde
1255 3068 1333 3114 hac

363 3126 556 3194 Apfida,
579 3144 633 3173 an
661 3129 823 3197 Abstde
852 3137 990 3198 magis
1017 3133 1157 3183 dicere
1180 3134 1330 3184 debue-

362 3201 475 3252 rim,
499 3213 546 3246 tu
569 3197 774 3260 ‘videris3
801 3221 874 3268 ego
894 3203 1052 3270 nescire
1075 3224 1138 3253 me
1149 3203 1298 3271 fateor
1313 3242 1328 3262 ,

362 3273 461 3334 quia
484 3268 559 3317 hoc
586 3270 718 3320 verbi
729 3290 863 3342 genus
886 3290 959 3322 nec
985 3275 1128 3345 legff’
1141 3280 1326 3329 remini-

1392 462 1536 511 lacida
1559 495 1574 515 ,
1609 467 1652 509 εἰ)
1678 462 1790 528 quod
1813 463 1974 511 lumine
2021 477 2183 529 accepto
2203 479 2282 529 per
2309 481 2383 512 ar-

1391 550 1482 579 cum
1509 530 1771 597 resplendeat
1791 569 1800 577 .
1850 533 1942 582 Sed
1963 549 2107 581 utrum
2140 533 2383 602 Abstdanz„

1393 620 1447 649 an
1481 601 1687 667 Abfidem
1712 603 1850 651 dicere
1882 602 2107 652 debeamus
2124 639 2138 659 ,
2175 605 2251 651 hoc
2276 624 2382 654 ver-

1395 674 1440 721 bi
1476 690 1608 741 genus
1646 673 1888 740 ambiguam
1935 673 2109 740 quidam
2150 674 2385 724 Doetorum

1398 744 1662 793 existimant
1690 780 1701 790 .
1756 741 1962 789 Praebuit
1997 745 2144 791 etiam
2175 745 2270 793 haec
2302 743 2380 793 ea-

1401 813 1513 861 dem
1545 831 1643 860 vox
1662 812 1920 862 altercandi
1941 811 2234 863 occasionem
2252 817 2378 864 inter

1401 884 1768 951 Orthographiae
1786 878 2063 931 Professores
2077 919 2092 940 ,
2122 903 2178 931 an
2195 903 2306 932 cum
2324 889 2374 932 B.

1400 956 1482 1003 vel
1514 954 1562 999 P.
1592 950 1837 1002 scribenda
1860 950 1942 1000 fit.
1965 957 2175 1022 Joannes
2206 957 2379 1003 Gerar-

1402 1025 1488 1073 dus
1515 1021 1706 1073 Voffius
1729 1025 1777 1070 in
1799 1021 1880 1070 suo
1896 1025 2241 1093 Etymologico
2270 1023 2381 1074 affe-

1401 1098 1464 1143 rit
1496 1091 1795 1142 scribendam
1823 1088 1911 1142 effe
1946 1112 2058 1141 cum
2080 1099 2130 1142 B.
2152 1093 2379 1163 suamque

1398 1167 1678 1234 opinionem
1698 1166 1841 1213 variis
1856 1165 2118 1213 rationibus
2133 1162 2288 1223 fulcit,
2301 1169 2380 1214 cui

1398 1235 1550 1285 obstat
1576 1236 1809 1285 Claudius
1825 1231 2104 1301 Dausquiusl
2120 1237 2168 1281 in
2187 1234 2264 1283 sua
2285 1240 2377 1286 Or-

1399 1307 1784 1374 thographia,per
1800 1307 1848 1352 P.
1869 1305 2161 1373 pingendam
2180 1320 2373 1355 conten·

1399 1379 1697 1444 dens.Qare
1715 1395 1825 1424 cum
1839 1378 2159 1424 Grammatici
2177 1391 2379 1434 certent,

1397 1451 1448 1499 &
1469 1448 1622 1496 adhuc
1640 1445 1905 1516 subJudice
1921 1447 1976 1494 lis
1996 1444 2054 1494 sit
2069 1483 2085 1504 ,
2115 1448 2377 1516 Orthogra-

1397 1521 1515 1588 phiae
1528 1515 1743 1566 studiosis
1759 1518 2072 1585 relinquimus
2087 1517 2374 1567 dirimenda.

1467 1587 1657 1640 Verum
1674 1585 1897 1645 Bafilicae,
1914 1588 2040 1637 unde
2061 1589 2376 1646 diverteram,

1396 1674 1450 1709 ut
1483 1659 1712 1709 evaderet
1736 1660 1937 1726 amplior
1955 1695 1971 1715 ,
2002 1661 2127 1706 intus
2156 1662 2182 1708 a
2215 1660 2375 1708 lateri-

1398 1731 1482 1778 bus
1521 1731 1704 1796 antiqui
1736 1727 1961 1778 addiddre
1993 1731 2185 1777 unicam
2219 1730 2374 1777 Porti-

1397 1820 1538 1858 cum,
1567 1799 1743 1849 deinde
1773 1799 2048 1867 duplicem.
2091 1797 2291 1868 Insuper
2324 1801 2374 1850 ὃς

1397 1886 1504 1920 ante
1536 1870 1773 1919 Tribunal
1813 1867 2126 1919 transversam
2161 1872 2374 1927 Navim,

1397 1960 1540 2009 quam
1593 1939 1847 2007 aliquando
1902 1938 2119 1989 bifariam
2169 1938 2374 1988 adinstar

1400 2009 1613 2061 Porticsis
1649 2029 1758 2058 cum
1795 2012 2030 2060 columnis
2071 2009 2373 2069 diviserunt,

1402 2084 1614 2149 hancque
1637 2079 1942 2131 Causidicam
1971 2081 2372 2139 denominz'irunt,

1395 2156 1505 2221 quia
1533 2155 1580 2200 in
1610 2172 1663 2203 ea
1681 2155 1903 2210 Notarii,
1931 2153 1980 2202 δε
2008 2154 2088 2200 alii
2106 2149 2371 2201 Causarum

1392 2225 1583 2273 Patroni
1612 2222 1994 2272 conveniebant:
2040 2240 2183 2289 quare
2216 2224 2372 2271 Navis

1391 2297 1486 2344 haec
1511 2296 1657 2343 literae
1674 2295 1735 2341 T.
1755 2292 1956 2361 figuram
1979 2291 2371 2360 repraesentabat3

1392 2368 1441 2416 &
1458 2380 1510 2412 ut
1528 2364 1831 2413 commodior
1846 2364 2091 2421 evaderet,
2109 2365 2370 2412 exteriores

1393 2434 1762 2504 superaddidere
1788 2435 2000 2482 Porticus
2032 2436 2079 2481 in
2107 2437 2368 2484 Servorum

1397 2505 1535 2555 usum
1552 2542 1562 2552 .
1580 2508 1683 2554 Has
1698 2522 1780 2573 pro
1786 2522 1845 2572 pe
1861 2509 2038 2553 Forum
2055 2504 2271 2553 Bafilicas
2287 2523 2366 2552 an-

1390 2578 1534 2644 tiquis
1549 2575 1816 2624 construere
1841 2573 2054 2624 solemne
2072 2591 2171 2624 erat
2187 2613 2202 2634 ,
2229 2578 2278 2627 &
2300 2575 2360 2623 ad

1390 2645 1644 2696 meridiem
1660 2645 1817 2694 fronte
1837 2645 2111 2713 aspicientes
2125 2683 2140 2704 ,
2157 2661 2210 2694 ut
2227 2648 2273 2693 in
2291 2664 2366 2694 eas

1389 2719 1565 2784 hyeme
1587 2712 1679 2763 fine
1706 2717 1802 2763 ulla
1822 2719 2050 2785 temporis
2070 2719 2241 2781 injuria
2260 2719 2363 2764 Ne·-

1387 2789 1643 2854 gotiatores
1660 2785 1704 2834 se
1721 2785 1934 2836 conferre
1953 2785 2134 2855 possent
2150 2825 2160 2835 .
2184 2789 2362 2835 Earum

1386 2856 1662 2906 latitudines
1679 2875 1764 2905 nec
1782 2860 1941 2906 minus
1957 2864 2099 2924 quam
2116 2877 2174 2907 ex
2192 2859 2332 2907 tertia
2347 2893 2362 2914 ,

1386 2944 1535 2993 neque
1567 2927 1669 2993 plus
1700 2931 1843 2993 quam
1871 2927 2072 2977 dimidia
2099 2927 2359 2997 longitudi-

1386 3000 1455 3045 nis
1481 3011 1611 3064 parte
1642 2997 1847 3047 constare
1866 2996 2107 3047 solebant.
2133 2996 2361 3048 Fenestrae

1384 3067 1572 3134 quoque
1607 3066 1665 3114 ad
1695 3069 1860 3118 lumen
1890 3068 2084 3118 uberius
2112 3072 2355 3136 excipien-

1385 3138 1521 3195 dum,
1537 3135 1643 3184 satis
1659 3140 1814 3205 ampl&
1837 3137 2080 3207 patebant,
2097 3154 2150 3188 ut
2165 3141 2356 3206 litigan-

1381 3210 1506 3256 tium
1532 3209 1790 3257 commodo
1820 3211 1867 3256 in
1892 3209 2220 3279 perlegendis,
2247 3227 2354 3259 exa·
2413 3228 2418 3233 ·

1387 3276 1717 3346 minandisque
1744 3278 1928 3328 tabellis
1945 3279 2236 3329 cosuleretur
2252 3316 2262 3326 .

2257 3351 2354 3398 Pri-
