2425 3747
307 215 337 261 '71
351 227 375 259 2
385 217 412 262 8

304 300 400 332 cum
450 286 606 334 rotulis
652 288 701 332 in
737 285 914 356 stgnum
949 282 1270 349 praedicationis

297 357 540 420 pinxerunt
559 390 570 401 .

387 424 480 473 Sed
519 422 761 489 quomodo
790 421 974 484 judicio
1004 423 1098 471 viri
1138 436 1273 473 caete-

303 495 443 561 roqui
473 490 721 542 laudabilis
751 489 1062 559 acquiescam,
1091 493 1201 543 cum
1225 496 1275 545 &

306 561 565 632 Apostolis,
589 562 639 610 δε
662 562 926 630 Prophetis,
945 561 1138 630 aliisque
1163 567 1274 613 San-

303 636 388 684 &is
406 627 668 699 prorniscue
682 632 847 682 datum
862 632 1070 683 viderim
1085 633 1278 696 librum,

301 723 357 752 ac
372 702 571 758 rotulos,
584 714 688 751 tum
709 700 863 771 figillo
877 701 1158 772 obsignatos,
1172 718 1276 753 tum

301 771 624 839 semiapertos,
649 774 801 822 immo
829 776 881 825 ὃς
910 788 1097 842 apertos
1120 777 1276 824 omni·

301 845 383 902 no,
403 840 731 910 nonnullisque
752 862 920 894 eorum
936 843 1091 895 verbis
1108 844 1272 894 inscri-

298 924 433 983 ptos?
465 915 689 981 Legimus
713 917 840 964 enim
873 916 921 961 in
944 917 987 962 S.
1008 916 1170 965 Petro:
1211 916 1278 966 Tu

298 1005 350 1034 es·
360 985 568 1038 Chrifius
571 986 702 1054 filius
719 987 809 1039 Dei
826 989 969 1036 vivi:
987 987 1097 1036 &in
1111 987 1276 1035 S-Pau-

299 1057 374 1105 10:
394 1054 448 1105 In
468 1060 635 1104 nomine
652 1056 702 1125 <J
719 1072 781 1103 es
795 1074 836 1102 v
860 1075 978 1106 omne
996 1077 1110 1126 genu
1116 1056 1276 1125 fleffa-

299 1142 372 1175 sur
396 1127 655 1183 coelestium,
678 1125 948 1177 terrestrium
963 1163 979 1185 ,
1000 1132 1054 1179 (Τ
1084 1126 1275 1197 inferno-

297 1217 394 1248 rum
416 1218 431 1257 3
457 1198 506 1246 ἃ
531 1193 592 1243 fic
623 1196 682 1244 de
714 1198 816 1243 aliis
841 1197 1106 1266 Apostolis.
1148 1203 1275 1248 Item

299 1269 351 1314 in
371 1266 526 1315 Esaia:
560 1267 665 1317 Ecce
684 1267 816 1336 Virgo
841 1273 1077 1334 concipiet,
1106 1273 1162 1320 <2²9¹
1189 1284 1271 1334 pa-

301 1339 549 1407 rietfilium
568 1372 578 1383 .
606 1338 643 1383 E
670 1341 906 1388 contrario
936 1337 1052 1389 vero
1072 1338 1274 1409 Aposto-

300 1409 358 1457 lis
376 1409 534 1465 Petro,
559 1408 608 1456 ὅ(
634 1408 779 1455 Paulo
811 1409 859 1455 in
886 1408 1073 1458 tribuna
1099 1413 1143 1458 S.
1160 1411 1273 1460 Cle-

300 1479 506 1539 mentis;
539 1479 589 1527 &
620 1478 796 1527 Sanctis
827 1480 1013 1538 Primo,
1059 1482 1110 1531 &
1142 1482 1269 1530 Feli-

298 1549 437 1597 ciano
476 1549 525 1595 in
558 1545 744 1597 tribuna
781 1551 824 1597 S.
859 1552 1082 1620 Stephani
1121 1550 1270 1619 vulgo

298 1617 495 1669 Rotundi
511 1614 777 1666 tenentibus
799 1621 1088 1669 Volumina.
1112 1619 1275 1672 Omis-

296 1686 346 1741 sa
375 1689 524 1753 igitur
550 1686 764 1732 Durandi
790 1688 1087 1737 distinctione
1121 1688 1277 1757 potius

294 1760 538 1804 cenlerem
550 1755 832 1816 Volumina,
844 1759 898 1804 u't
920 1754 1154 1808 brevioris
1173 1773 1273 1807 tan-

297 1824 404 1874 tum
434 1823 674 1895 scripturae
701 1828 887 1893 capacia
904 1863 919 1886 ,
953 1830 1274 1899 Evangelium

296 1896 548 1945 denotare:
576 1894 781 1945 Codices
806 1898 922 1946 vero
947 1899 1007 1948 ad
1031 1900 1193 1969 plura,
1219 1920 1272 1948 ac

294 1967 562 2034 prolixiora
581 1965 866 2017 continenda
879 1972 1187 2039 excogitatos,
1202 1984 1273 2018 to-

295 2050 398 2084 tam
416 2037 610 2093 veteris,
629 2054 682 2084 ac
706 2038 823 2085 novi
843 2036 1137 2089 Testamenti
1158 2038 1272 2089 scri-

296 2119 488 2174 pturam
504 2140 516 2151 .

369 2177 488 2242 Qae
510 2176 674 2242 utique
696 2173 849 2224 nostra
878 2180 1043 2247 opinio
1065 2182 1272 2230 maxim&

296 2250 500 2293 conlona
515 2242 581 2294 est
598 2241 799 2305 Isidoro,
810 2249 888 2314 qui
909 2250 962 2298 de
983 2250 1109 2319 Orig.
1130 2249 1264 2299 lib.6.

296 2316 452 2382 capite
477 2329 553 2373 13.
585 2316 707 2364 inter
732 2318 959 2377 Volumen,
978 2320 1188 2379 Librum,
1218 2323 1268 2372 ὃ(

295 2385 492 2438 Codicem
530 2385 786 2435 discrimen
819 2385 954 2439 affert
983 2391 1052 2439 his
1073 2389 1230 2441 verbis
1257 2415 1268 2441 :

293 2458 467 2505 Codex
506 2459 731 2505 multorum
760 2458 976 2509 librorum
992 2463 1061 2511 ef?
1077 2497 1094 2520 ,
1127 2460 1270 2511 Liber

292 2532 422 2577 unius
438 2529 683 2577 ‘voluminis
698 2564 709 2574 .
750 2528 837 2579 Efl
859 2531 1001 2581 diffisus
1025 2533 1171 2582 Codex
1191 2547 1272 2599 per

295 2600 622 2647 translationem
646 2603 671 2646 ᾱ
698 2599 925 2649 corticibus
954 2600 1176 2660 arborum,
1191 2606 1271 2672 fi’u

295 2672 482 2728 vitium,
496 2668 618 2738 quasi
637 2669 814 2726 caudex,
833 2671 943 2740 quod
951 2675 999 2720 in
1005 2674 1058 2739 J}
1075 2676 1271 2724 multitu-

293 2736 442 2786 dinem
478 2741 716 2798 librorum,
746 2742 868 2811 quasi
891 2759 1099 2792 ramorum
1131 2749 1269 2792 conti-

296 2823 424 2855 ucat.
462 2811 705 2859 Volumen
738 2811 849 2860 liber
880 2814 948 2862 eff
979 2819 1005 2863 ἂ
1045 2816 1272 2864 volvendo

293 2877 438 2929 ditius
453 2879 590 2946 ,ficut
612 2882 725 2944 apud
741 2882 934 2933 Hebraeos
960 2888 1188 2934 volumina
1212 2888 1271 2935 le·

289 2953 397 3017 gis,
427 2951 656 2999 volumina
682 2952 986 3016 Prophetarum
1002 2991 1013 3003 .
1038 2955 1178 3015 =Liber
1205 2958 1274 3006 ef?

293 3023 479 3069 interior
507 3025 654 3070 tunica
680 3027 879 3079 corticis,
905 3027 1129 3094 quae'ligno
1144 3028 1270 3077 cohae-

292 3106 394 3145 ret,
426 3094 478 3138 in
506 3107 588 3156 qua
628 3095 798 3154 antiqui
823 3093 1075 3162 firibebanc
1102 3118 1113 3147 :
1146 3099 1199 3148 de
1226 3116 1270 3146 eo

303 3162 558 3227 Virgilius:

373 3229 487 3297 Alta
513 3230 623 3281 liber
650 3232 776 3282 haeret
800 3236 849 3282 in
874 3236 985 3285 ulmo
1002 3271 1014 3284 .

702 212 1128 267 VETERA
1201 211 1904 268 M‘ONIMENTA

1325 285 1456 339 Unde
1478 288 1532 334 (θ’
1549 286 1658 336 liber
1675 288 1836 336 dicitur
1853 323 1868 344 ,
1884 293 1932 335 in
1947 288 2259 354 quoscribimus
2276 331 2293 351 ‚

1325 359 1424 425 quia
1448 371 1547 404 ante
1581 359 1698 424 ustam
1732 359 1913 415 chartae,
1946 361 1999 406 &¹
2029 359 2294 409 membrana-

1324 444 1417 475 rum
1435 460 1450 482 ,
1489 444 1543 473 ex
1569 427 1698 477 libris
1726 427 1920 476 arborum
1951 430 2180 477 volumina
2193 436 2289 497 fie-

1327 495 1462 551 bant,
1487 496 1606 548 ide-ff
1634 499 2036 566 compaginabantur
2064 520 2075 547 :
2107 502 2217 550 unde
2243 506 2300 564 Φῆ

1329 569 1567 631 Scriptores
1607 573 1633 618 ci
1672 568 1802 619 libris
1847 570 2038 618 arborum
2069 568 2296 624 Librarios

1330 653 1545 689 ‘vocarunt
1561 673 1571 684 .

1400 708 1703 775 Qapropter
1720 705 1912 757 asserere
1936 710 2137 758 minim&
2159 708 2302 759 dubi-

1329 781 1566 836 taverim,
1597 775 1776 846 lingula
1812 780 2069 844 Evangelia
2105 778 2302 849 fingulis

1327 845 1651 898 voluminibus
1695 844 1896 898 describi
1945 847 2304 912 consuevilsfflg

1328 919 1479 969 donec
1498 921 1518 975 (
1537 932 1592 966 ut
1618 914 1779 966 scribit
1796 920 2041 968 Honorius
2059 919 2302 988 Augusto-

1331 986 1545 1039 dunenfis
1578 990 1625 1035 in
1653 984 1730 1035 sua
1755 988 1932 1039 Gemma
1946 989 2118 1041 Animae
2151 989 2232 1037 lib.
2257 1010 2300 1040 1.

1329 1079 1430 1128 cap.
1449 1064 1528 1109 88.
1547 1060 1736 1121 >Divus
1752 1061 2090 1126 Hieronymus
2108 1059 2301 1109 1,εᾶἱο-

1330 1132 1515 1179 narium
1530 1131 1607 1188 ,ὃς
1636 1130 2021 1199 Evangeliarium
2034 1166 2049 1188 ,
2068 1130 2197 1197 quod
2215 1131 2303 1179 ho·-

1328 1201 1406 1250 die
1434 1198 1574 1249 habet
1603 1199 1808 1250 Ecclesia
1826 1236 1843 1259 ,
1875 1200 2095 1269 collegit:
2124 1201 2175 1250 &
2201 1204 2301 1248 Da-

1326 1268 1477 1320 masus
1495 1272 1648 1339 Papa,
1675 1284 1729 1318 ut
1754 1288 1878 1318 nunc
1905 1288 2051 1319 moris
2084 1269 2179 1328 est,
2204 1271 2302 1337 legi

1326 1343 1613 1411 imperavit,
1645 1341 1876 1410 praecipue
1893 1339 2004 1390 curn
2024 1342 2112 1389 hoc
2145 1338 2302 1408 ipsum

1324 1412 1519 1461 testetur
1563 1412 1701 1461 Ordo
1734 1414 1976 1460 Romanus
2021 1411 2070 1458 in
2114 1408 2303 1459 duobus

1322 1483 1490 1551 primis
1523 1480 1699 1531 libellis
1732 1479 1790 1529 ab
1820 1482 2077 1549 Hittorpio
2111 1481 2307 1541 relatis;

1325 1551 1408 1600 ubi
1435 1553 1581 1600 etiam
1609 1552 1668 1602 de
1699 1552 2070 1610 caerem011iis,&
2092 1551 2306 1598 maximi.

1328 1625 1378 1670 in
1402 1623 1457 1669 iis
1490 1618 1817 1671 voluminibus
1849 1621 2187 1688 pertractandis
2222 1621 2305 1667 Pa-

1326 1706 1458 1739 trum
1479 1694 1783 1740 veneratione
1809 1687 1962 1738 sermo
1984 1689 2047 1738 est
2059 1705 2307 1756 3quaeom-

1322 1760 1405 1808 ,nia
1426 1757 1501 1808 hic
1527 1778 1615 1829 ego
1643 1758 1936 1821 summatim,
1967 1761 2017 1810 &
2034 1769 2137 1830 'per
2164 1778 2302 1809 coms

1328 1829 1558 1900 pendium
1586 1828 1801 1900 reposui.

1399 1902 1588 1957 Primi,
1620 1902 1936 1969 praecipuique
1981 1901 2305 1952 Subdiacono·

1327 1988 1436 2018 rum
1466 1971 1588 2037 (qui
1610 1968 2078 2020 Archisubdiaconus
2112 1973 2301 2021 diceba·

1328 2049 1441 2102 tur)
1467 2057 1638 2088 munus
1665 2053 1790 2097 erat,
1812 2041 2188 2109 Evangeliorum
2214 2061 2304 2092 vo-

1328 2111 1492 2159 lumen
1523 2110 1840 2168 obvolutum,
1857 2109 2249 2180 obsignatumque
2277 2113 2304 2161 ὲ·

1327 2182 1589 2230 Secretario
1618 2176 1818 2238 deferre,
1847 2185 1973 2248 quod
2003 2200 2097 2230 non
2116 2181 2202 2232 nili
2221 2201 2304 2230 an·-

1326 2264 1503 2300 nuente
1534 2249 1831 2300 Subdiacono
1866 2248 2185 2319 resignabatur
2226 2251 2303 2300 su-

1324 2337 1405 2389 per
1421 2321 1659 2389 planetam
1680 2324 1819 2369 unius
1837 2323 2042 2389 Acolyti
2058 2357 2075 2378 ,
2089 2324 2167 2370 vel
2186 2322 2304 2371 duo·-

1322 2410 1460 2449 rum,
1483 2389 1517 2439 fi
1529 2391 1752 2458 grandius
1780 2386 1908 2448 esset,
1928 2394 2006 2457 qui
2038 2391 2182 2459 porro
2200 2393 2303 2460 pla-

1322 2465 1443 2511 netis
1472 2462 1624 2508 induti
1651 2458 1807 2529 ipsum
1829 2457 2147 2510 sustentabant
2172 2482 2184 2511 :
2214 2479 2302 2511 nec

1322 2534 1452 2580 enim
1485 2529 1769 2578 laboriosum
1800 2531 1891 2578 hoc
1922 2545 2054 2590 erat,
2078 2538 2197 2584 ‚cum
2228 2551 2302 2579 ca-

1321 2597 1564 2658 sulae,five
1591 2602 1788 2667 planetae
1815 2601 2075 2668 antiquitus
2092 2605 2118 2651 a
2135 2603 2297 2650 lateri-

1324 2672 1406 2720 bus
1423 2669 1756 2719 clauderentur
1772 2706 1789 2728 ,
1813 2684 1867 2718 ut
1882 2689 2006 2718 nunc
2024 2671 2150 2741 apud
2168 2674 2299 2720 Grae-

1320 2760 1402 2790 cos
1432 2761 1444 2788 z
1480 2742 1620 2805 quar&
1650 2741 1858 2806 Acolyti
1890 2740 2074 2788 brachia
2104 2742 2298 2790 elevan-

1325 2812 1405 2869 do,
1421 2809 1629 2870 scabelli,
1664 2811 1746 2860 seu
1766 2827 1919 2877 parvae
1943 2809 2111 2860 mensae
2136 2813 2297 2860 vicem

1325 2878 1625 2950 praebebant.
1662 2878 1974 2949 Refignatum
2005 2881 2115 2930 inde
2154 2883 2297 2930 volu-

1322 2969 1432 3000 men
1456 2949 1514 2998 ad
1541 2952 1685 3001 altare
1711 2949 2028 3009 deferebatur,
2062 2963 2200 3018 atque
2227 2950 2298 2999 ibi

1321 3038 1378 3070 eo
1414 3018 1739 3089 superposito,
1776 3020 2064 3070 Subdiaconi
2105 3039 2298 3090 progre-

1319 3091 1603 3149 diebantur,
1645 3089 1833 3158 seseque
1874 3105 1979 3140 ante
2018 3093 2198 3149 altare,
2243 3094 2309 3142 &-

1323 3162 1637 3229 Evangelium
1663 3160 1981 3211 inclinabant:
2007 3160 2098 3229 quo
2118 3162 2296 3210 deinde

1317 3233 1468 3283 retiam
1481 3231 1735 3301 Episcopus
1751 3230 2291 3299 accedebat,&Evange⁴

2167 3303 2290 3350 lium
