2482 3742
644 251 1027 305 CAPU

73 315 103 379 ἑ
121 322 306 376 sinistris
326 320 417 379 est,
439 323 627 371 nullum
648 324 844 370 omnino
864 319 1047 387 signum

72 394 365 464 insculptum
398 393 579 453 habet3
616 394 754 461 longa
788 405 947 440 tamen
984 390 1049 440 est

79 467 220 537 pedes
247 463 324 513 sex
349 499 364 520 ,
401 464 450 513 &
482 464 639 511 uncias
665 459 844 530 septem
862 496 878 519 ,
915 462 1048 510 alta.⁴

78 552 171 584 tres
194 533 361 603 pedes:
401 547 540 600 atque
562 530 811 580 ambarum
846 549 1045 598 opercu-

78 608 181 654 lum
200 608 245 652 in
263 614 457 650 acutum
473 604 702 671 angulum
718 599 900 649 desiuit.
915 602 1047 650 Paul-

79 675 126 723 lo
161 673 297 741 supra
327 673 406 722 has
442 675 601 727 Urnas
624 708 641 730 ,
676 672 772 720 duo
809 672 1046 739 Augusto-

78 762 185 792 rum
208 756 515 792 monumenta
536 743 771 792 tolluntur
787 776 803 798 ,
839 759 897 789 ex
914 745 1044 790 Grae·-

78 832 133 862 co
151 831 387 862 marmore
401 849 416 871 ,
445 812 524 862 sed
540 810 744 881 opificii,
769 824 907 878 atque
927 811 1042 859 stru·

76 884 218 933 &urae
241 882 591 951 magnificentia
610 881 765 929 multo
782 878 1015 930 nobiliora
1032 916 1042 927 .

76 954 225 1019 Qiod
242 956 267 1002 a
288 953 491 1002 dexteris
523 950 616 1010 est,
648 952 859 1002 Honorii
885 955 1042 1019 Impe‹=

79 1025 271 1080 fatoris,
307 1025 389 1090 qui
409 1026 646 1072 Ravennae
670 1020 890 1079 deceffit‚
914 1019 1045 1070 exsu-

79 1095 180 1142 vias
209 1089 431 1154 affervat3
470 1095 695 1141 Alterum
720 1092 834 1141 vero
864 1092 1045 1141 Valen-

77 1164 247 1212 tiniani
269 1166 363 1212 ΙΙΙ.
393 1161 491 1212 five
525 1160 786 1212 Constantii
807 1160 1045 1229 Augusti,

77 1248 132 1282 ut
156 1232 315 1281 scribit
342 1231 511 1282 Faber:
544 1237 781 1280 Ferrettus
798 1243 960 1280 tamen
981 1229 1046 1278 as-

77 1301 191 1352 serit
220 1303 267 1349 in
288 1301 458 1350 eodem
480 1298 727 1368 sepulchro
751 1299 957 1348 duorum
976 1319 1048 1348 ca-

77 1373 314 1421 daverum
352 1369 442 1420 offa
479 1371 720 1438 reperiri,
757 1371 1050 1436 eademque>

78 1442 333 1491 amborum
367 1445 717 1509 Imperatorum
744 1441 1046 1491 Valentinia-

81 1515 162 1571 ni,
190 1514 240 1562 &
257 1510 523 1561 Constantii
540 1505 625 1560 esse
646 1508 926 1559 arbitratur.
945 1513 1049 1559 Nee

82 1582 261 1632 obstare
298 1583 364 1629 ait
388 1617 405 1639 ,
454 1582 847 1631 Valentinianum
885 1585 1051 1630 Romae

85 1649 276 1709 obiisse,
303 1649 576 1718 ibidemque
597 1648 861 1717 sepultum:
903 1671 1051 1700 nam-2

84 1723 211 1773 haud
249 1719 559 1770 inverisimile
601 1721 664 1770 est
693 1758 709 1781 ‚
752 1721 1051 1789 postmodum

84 1800 183 1857 ejus
212 1793 413 1842 cadaver
442 1794 553 1842 illuc
574 1790 860 1860 asportatum
879 1829 894 1851 ,
929 1796 978 1845 &
1005 1795 1052 1841 in

81 1870 320 1928 majorum
351 1861 541 1911 suorum
564 1860 810 1930 sepulchro
839 1863 1055 1914 recondi-

83 1949 192 1983 tum
217 1971 227 1981 .
268 1935 367 1983 Hic
396 1931 737 2001 sarcophagus,
774 1935 855 2000 qui
882 1935 929 1982 in
956 1937 1056 1984 lon-

81 2004 300 2074 gitudine
323 2001 401 2053 sex
418 2003 596 2072 pedum
619 2002 712 2061 est,
734 2023 785 2052 ac
805 2007 1052 2053 unciarum

80 2076 262 2142 septem
290 2111 306 2132 ,
344 2076 392 2121 in
428 2074 682 2122 altitudine
709 2074 888 2142 pedum
923 2078 1058 2142 quin-

82 2162 173 2212 que
190 2180 206 2201 ,
221 2145 271 2194 &
294 2147 338 2191 in
358 2144 613 2192 latitudine
632 2145 777 2192 trium
794 2181 809 2203 ‚
834 2148 880 2193 in
898 2142 1055 2196 fronte

82 2229 176 2264 tres
207 2232 347 2282 agnos
374 2213 628 2282 insculptos
657 2212 827 2272 habet,
859 2215 976 2265 duos
1006 2218 1054 2265 in

83 2283 306 2334 lateribus
322 2320 338 2342 ,
356 2302 504 2332 unum
524 2287 571 2331 in
593 2283 753 2333 medio
767 2321 777 2332 .
799 2285 945 2334 Porro
969 2286 1055 2334 stat

83 2356 237 2403 veluti
268 2353 404 2423 supra
432 2373 624 2422 rupem,
659 2373 716 2403 ex
737 2373 826 2422 qua
851 2369 1055 2422 quatuor

83 2424 286 2475 flumina
320 2438 574 2493 erumpunt
602 2460 617 2481 ‚
666 2426 713 2472 in
750 2443 915 2474 eorum
952 2424 1053 2494 spe-

84 2497 209 2544 ciem
228 2529 244 2550 ‚
282 2512 332 2541 ac
364 2491 644 2561 symbolum
664 2530 678 2551 ,
714 2514 811 2561 quae
832 2501 857 2545 a
876 2497 1058 2545 Paradi-

84 2564 133 2614 so
160 2563 364 2612 terrestri
394 2561 563 2613 Genes.
581 2582 680 2630 cap.
702 2583 747 2611 2.
779 2564 1056 2617 defluxisse-2

86 2635 311 2683 dicuntur
338 2669 353 2690 ,
389 2637 439 2685 ὃς
471 2632 577 2680 sunt
608 2632 774 2683 Phison
793 2671 809 2692 ,
848 2638 1019 2686 Gehon
1038 2673 1053 2694 ‚

88 2705 253 2772 Tigris
278 2740 293 2762 ‚
329 2706 377 2754 ὃς
412 2704 669 2771 Euphrates
691 2739 702 2750 .
740 2708 907 2773 Agnus
938 2706 1053 2755 stans

86 2773 225 2842 supra
262 2791 429 2842 rupem
468 2787 608 2841 caput
641 2772 782 2822 habet
815 2776 1054 2825 diadema·

88 2860 193 2893 tum
211 2862 320 2893 cum
340 2846 474 2894 litera
493 2846 540 2890 P.
561 2861 651 2909 quo
670 2845 1055 2914 Hieroglyphico

91 2912 231 2984 prisci
258 2913 598 2963 Christifideles
625 2911 865 2963 Christum
887 2919 1057 2965 Domi·

91 3001 206 3032 num
224 2982 434 3032 nostrum
456 2986 721 3050 exprimere
740 2986 938 3035 voluere
955 3009 970 3047 ;
998 2984 1054 3033 fi-

93 3069 175 3103 cut
192 3072 272 3122 per
292 3072 433 3122 agnos
453 3052 680 3103 adstantes
697 3054 978 3123 Apostolos,
1003 3069 1056 3104 ut

90 3123 213 3174 infra
234 3122 373 3176 fufius
394 3124 565 3173 dicturi
585 3121 743 3172 sumus
759 3161 769 3172 .
808 3124 887 3174 Ab
912 3145 1055 3195 agno-

91 3211 199 3244 rum
234 3194 455 3243 lateribus
491 3193 592 3241 duae
628 3193 794 3242 Palmae
829 3193 1056 3246 fruetibus

93 3262 261 3316 onustae
279 3261 513 3336 assurgunt
526 3299 542 3321 ,
563 3279 661 3329 quae
677 3266 756 3331 (ut
773 3268 966 3335 opinor)
986 3269 1056 3317 vi-

158 3332 303 3385 ParJ.

1102 248 1146 298 T
1248 245 1408 297 XXI
1419 244 1445 294 Ι
1452 244 1489 295 I.
1973 262 2068 306 225

1098 319 1298 368 &oriam
1329 327 1560 365 denotant
1583 349 1599 371 ,
1636 315 1684 364 ὅ(
1711 310 1966 378 justitiam.
2007 317 2071 361 Si-

1100 388 1293 436 nistrum
1330 387 1504 434 tumuli
1546 386 1666 432 latus
1703 380 1861 431 versus
1897 382 2070 432 altare,²

1101 459 1232 507 omni
1273 455 1659 524 Hieroglyphico
1698 465 1853 502 caret.
1892 454 2070 499 Dexte-

1099 546 1206 576 rum
1229 526 1346 574 vero
1382 521 1634 593 ingressum
1664 522 1915 590 respiciens
1943 557 1958 578 ‚
1994 522 2071 568 ha-

1101 599 1181 647 bet
1215 596 1329 644 duas
1366 595 1545 643 Palmas
1564 630 1581 652 ,
1607 597 1729 643 inter
1754 611 1864 659 quas
1893 589 1956 640 est
1991 611 2068 641 vas

1100 667 1312 716 ansatum
1330 700 1346 722 ,
1384 665 1509 712 unde
1541 661 1640 712 fons
1670 666 1861 732 quidam
1880 661 2075 711 videtur

1098 735 1333 792 effluere,
1370 735 1417 781 in
1459 751 1552 802 quo
1586 734 1688 782 duae
1723 730 1950 782 columbae
1974 747 2072 781 tan·-

1099 825 1240 877 quam
1260 804 1472 853 bibentes
1491 801 1708 872 expressae
1730 802 1838 851 sunt
1853 837 1863 847 .
1892 803 2070 853 Hiero-

1096 878 1385 948 glyphicum
1401 873 1461 922 fic
1476 876 1785 941 explicarem:
1801 878 1919 922 Fons
1933 875 2070 922 Chri-

1075 948 1077 950 ’
1098 950 1221 998 stum
1246 947 1510 994 Dominum
1535 947 1719 1003 innuit,
1740 959 1794 991 ut
1810 944 1950 992 docet
1966 948 2070 992 San-

1100 1021 1201 1070 &us
1233 1014 1525 1084 Augustinus
1564 1017 1610 1062 in
1647 1015 1813 1062 Psalm.
1909 1019 1975 1062 uis
2005 1017 2070 1062 ef}

1093 1090 1191 1158 fhns
1204 1092 1341 1144 vitoe,
1357 1085 1444 1154 nist
1455 1087 1691 1136 Chrift'us?
1717 1084 1966 1135 Columba>
1989 1101 2069 1132 ve-

1099 1162 1151 1209 ro
1170 1154 1504 1210 Christifideles
1522 1192 1537 1213 ‚
1566 1157 1646 1221 qui
1672 1152 1914 1205 Christum
1939 1151 2064 1202 sitire

1101 1231 1278 1280 debent
1305 1249 1320 1287 3
1365 1226 1787 1292 columbarumque
1823 1225 2029 1291 gemitus
2053 1260 2069 1281 ,

1101 1302 1380 1349 charitatem
1409 1332 1425 1354 ,
1460 1296 1713 1344 candorem
1744 1332 1759 1353 ,
1798 1294 2068 1360 simplicita-

1100 1385 1198 1420 tem
1215 1405 1232 1426 ,
1272 1384 1323 1413 ac
1355 1364 1766 1413 mansuetudinem
1792 1364 2066 1410 imitantur.

1101 1437 1400 1508 Operculum
1426 1437 1725 1484 monumenti
1765 1437 1812 1482 in
1839 1452 1953 1481 arcae
1982 1430 2071 1480 for-

1102 1528 1231 1560 mam
1255 1507 1453 1575 erigitur
1472 1542 1488 1564 ,
1525 1505 1756 1572 habetque
1793 1521 1817 1551 e
1848 1501 2070 1552 lateribus

1105 1583 1198 1630 haec
1222 1577 1608 1645 Hieroglyphica
1641 1580 1685 1624 A
1706 1579 1768 1640 >R
1789 1571 1833 1618 Ω
1860 1574 1884 1622 ὲ
1905 1573 2073 1641 quibus

1107 1656 1155 1700 A
1177 1653 1227 1701 &
1262 1648 1307 1693 Ω
1339 1647 1660 1695 communiter
1688 1662 1772 1711 pro
1807 1646 2070 1711 principio,

1105 1725 1153 1774 ἃ
1171 1721 1258 1769 fine
1275 1719 1598 1785 accipiuntur,
1615 1720 1679 1781 ᾖ
1703 1712 1818 1762 ver&
1839 1732 1922 1781 pro
1939 1715 2073 1765 Chri-

1107 1795 1173 1844 sto
1192 1829 1202 1839 .
1228 1793 1374 1844 Unde
1392 1793 1524 1851 juxta
1547 1784 1806 1835 earundem
1829 1787 2074 1834 literarum

1107 1864 1323 1913 ordinem
1340 1895 1355 1916 ,
1376 1859 1436 1906 lic
1455 1859 1545 1924 legi
1568 1853 1743 1924 possent
1764 1876 1774 1906 :
1802 1856 2073 1922 Principe'um

1107 1933 1314 1988 Christus
1331 1931 1398 1979 ef?
1416 1963 1432 1985 ,
1467 1931 1521 1977 <5
1532 1931 1649 1996 finis
1668 1962 1678 1972 .

1175 2007 1387 2070 Qartus
1412 1997 1715 2065 sarcophagus
1734 2031 1750 2053 ‚
1787 1997 1867 2062 qui
1896 1998 2073 2065 regiam

1106 2082 1297 2138 januam
1319 2068 1626 2138 ingredientis
1656 2067 1901 2115 dexteram
1930 2063 2073 2133 respi-

1108 2149 1174 2194 cit
1188 2181 1203 2203 ,
1232 2141 1438 2192 Honorii
1456 2138 1764 2206 Imperatoris
1789 2139 1809 2192 (
1824 2150 1877 2184 ut
1892 2137 2075 2185 dictum

1109 2216 1244 2278 est),
1281 2214 1330 2262 &
1348 2213 1506 2259 Gratae
1527 2208 1755 2257 Honoriae
1774 2208 1954 2255 cineres
1971 2224 2076 2254 con-=

1111 2288 1258 2341 tinet,
1284 2280 1394 2331 cum
1423 2281 1470 2325 in
1500 2297 1554 2328 eo
1581 2278 1675 2326 duo
1707 2276 1937 2325 cadavera
1965 2294 2075 2324 con-

1109 2356 1366 2424 spiciantur
1382 2388 1397 2409 ,
1414 2348 1526 2398 teste
1545 2352 1690 2397 citato
1711 2345 1922 2395 Ferretto
1939 2381 1949 2391 .
1973 2348 2077 2395 Hu-

1106 2432 1177 2491 jus
1192 2428 1240 2473 in
1255 2422 1475 2471 anteriori
1497 2433 1624 2489 parte
1643 2423 1890 2480 tresjanuae
1910 2418 2076 2463 caelatae

1109 2496 1244 2553 sunt,
1281 2509 1482 2560 quarum
1511 2509 1608 2557 quae
1643 2487 1798 2537 media
1823 2487 1887 2534 est
1916 2486 2077 2554 anguli

1106 2568 1233 2615 acuti
1255 2578 1545 2631 tympanum
1564 2558 1701 2607 habet
1717 2595 1732 2616 ‚
1751 2575 1898 2623 quum
1918 2558 2080 2604 latera-

1108 2640 1227 2686 lium
1248 2648 1480 2702 tympana
1498 2632 1767 2699 portionem
1784 2628 1948 2675 circuli
1972 2643 2082 2694 prae⁶

1108 2705 1310 2756 seferant
1326 2739 1336 2750 .
1358 2707 1541 2754 Omnes
1559 2704 1713 2750 Cruce
1735 2695 2050 2766 insigniuntur
2064 2733 2080 2754 ,

1109 2778 1188 2826 sed
1225 2792 1324 2841 quae
1356 2776 1403 2820 in
1444 2771 1604 2820 medio
1638 2767 1702 2818 est
1727 2804 1745 2826 ,
1794 2770 1841 2815 in
1878 2768 2078 2816 brachiis

1110 2848 1222 2896 duas
1243 2842 1484 2892 columbas
1510 2840 1680 2897 habet,
1717 2840 1766 2889 &
1798 2835 1989 2886 inferius
2020 2836 2079 2884 ad

1111 2915 1281 2986 pedem
1311 2930 1485 2982 agnum
1511 2911 1666 2960 veluti
1703 2909 1840 2976 supra
1874 2924 2079 2974 rupem,

1096 2993 1167 3036 ‘ex
1197 3003 1287 3052 qua
1315 2997 1514 3050 quatuor
1544 2980 1744 3029 flumina
1773 2977 2074 3027 dilabuntur:

1108 3075 1208 3122 quae
1240 3052 1626 3121 Hieroglyphica
1657 3048 1762 3098 satis
1780 3046 2006 3114 superque
2032 3047 2078 3091 in

1109 3124 1337 3194 superiori
1356 3121 1601 3191 sepulchro
1620 3118 1948 3186 explicuimus.
1965 3115 2079 3162 Prae-

1109 3210 1236 3254 terea
1257 3198 1390 3256 hujus
1405 3197 1430 3242 a
1451 3207 1583 3260 tergo
1601 3190 1777 3238 eaedem
1794 3184 1951 3254 figurae
1979 3202 2078 3234 cei·-

1108 3280 1285 3315 nuntur
1300 3302 1317 3324 ,
1355 3262 1460 3311 rudi
1479 3277 1635 3310 tamen
1665 3255 1845 3325 scalpro
1865 3253 2076 3304 elabora-

1599 3324 1678 3378 Ff
1988 3338 2077 3383 tae,
