2425 3747
317 356 443 408 1670.

314 2666 435 2717 ¹671·

315 2945 440 2998 1672.

467 295 536 327 xx

467 349 587 405 dum
614 345 844 417 assumpta
860 348 923 397 ob
949 358 1157 397 mortem
1172 347 1439 407 Pontificis‚
1457 350 1683 400 Clemens
1704 355 1769 404 X.
1786 347 2119 419 subsequenter
2141 353 2333 411 elee‘tus,

464 417 770 470 libentiffime
797 421 845 466 in
865 424 961 482 ejus
990 416 1186 485 persona
1208 415 1421 468 firmavit
1438 457 1449 467 .

609 490 702 540 Sed
722 502 936 539 renatam
964 489 1087 538 inter
1100 486 1265 536 fratres
1293 490 1627 549 concordiam,
1660 505 1799 559 atque
1833 493 2047 541 laetitiam
2067 492 2252 550 Iustus,
2280 495 2331 543 &

466 577 647 611 moeror
671 556 801 607 illico
824 559 1191 626 perturbarunt3
1223 576 1333 606 nam
1353 560 1515 610 Petrus
1542 564 1714 612 eodem
1735 581 1854 611 anno
1883 561 2078 611 deceffit
2097 599 2107 609 .
2131 566 2248 611 Haec
2265 569 2333 627 ja·

465 632 599 682 notura
619 627 814 677 fratrem
833 626 1133 697 superstitem
1154 630 1452 697 summopere
1478 631 1805 690 contristavit,
1839 631 1917 682 sed
1935 631 2235 701 Reipublicae
2255 635 2334 680 Li-

467 701 647 752 terariae
673 698 1037 766 quodammodo
1065 698 1262 768 profuit3
1279 698 1459 749 solutus
1485 705 1615 751 enim
1641 705 1918 751 reverentiae
1941 702 2097 752 froeno
2119 722 2228 771 erga
2257 706 2333 752 vi-
2358 752 2360 755 ,

466 788 573 818 rum
592 805 608 828 ,
642 771 766 817 cuia
791 771 964 819 teneris
993 769 1188 837 obsequi
1218 769 1558 830 consueverat,
1577 777 1788 841 Joannes
1816 770 1902 820 fibi
1938 773 2025 840 ipfi
2050 774 2335 843 indulgere,

463 843 514 892 ὃς
531 857 615 908 pro
641 838 779 888 libito
798 837 1017 889 desiderii
1048 843 1153 891 vela
1172 842 1409 909 explicare
1440 841 1587 891 libere
1622 846 1807 910 potuit.
1847 842 1987 891 Tunc
2014 846 2168 910 itaque
2190 843 2340 894 libros

464 928 632 963 omnes
656 910 885 960 evolvere
901 947 917 970 ,
934 910 1147 960 eruditos
1165 930 1326 961 omnes
1356 914 1535 980 alloqui
1555 951 1571 974 ,
1598 913 1657 963 de
1679 912 1814 963 rebus
1841 913 2063 962 omnibus
2084 911 2299 964 differem
2320 951 2337 974 s»

462 980 712 1031 facultates
731 998 891 1029 omnes
910 979 1150 1032 addiscere
1171 980 1404 1052 aggressus
1422 983 1489 1033 est
1509 1020 1519 1031 .
1544 984 1684 1031 Tunc
1711 983 1935 1051 pretiosas
1955 987 2156 1052 antiquae
2184 983 2336 1037 Urbis,-

462 1052 687 1119 reliquias
707 1086 724 1108 ,
742 1052 925 1118 aliaque
951 1051 1094 1121 elapsi
1111 1055 1342 1122 temporis
1368 1068 1683 1104 monumenta
1717 1055 1804 1101 rite
1824 1055 2106 1121 perlustrans
2122 1091 2138 1112 ,
2171 1057 2338 1103 multi-

463 1124 611 1192 plices
636 1121 930 1171 eruditiones
944 1157 960 1179 ,
978 1125 1130 1172 varias
1148 1123 1404 1182 dostrinas,
1430 1127 1480 1177 ὃς
1504 1128 1771 1174 innumeras
1789 1126 2085 1193 cognitiones
2103 1127 2333 1176 obtinuit:

464 1211 517 1242 ac
538 1191 740 1261 proinde
761 1193 1080 1252 charaC'teres,
1108 1193 1334 1260 symbola
1354 1232 1370 1254 ,
1389 1196 1714 1263 inscriptiones
1730 1230 1747 1252 ,
1767 1193 2051 1242 numismata
2071 1231 2086 1253 ,
2104 1214 2339 1264 gemmas,

463 1261 614 1332 figilla
628 1299 644 1321 ,
662 1259 845 1312 tesseras
859 1299 876 1322 ,
896 1265 1128 1331 pifiuras,
1160 1263 1419 1333 sculpturas
1435 1303 1452 1326 ,
1469 1267 1770 1335 anaglypha,
1791 1264 2076 1313 emblemata
2092 1303 2108 1324 ‚
2135 1267 2185 1316 &
2213 1284 2339 1332 quae-

465 1351 656 1400 cunque
687 1334 792 1381 aliis
809 1332 1001 1383 obscura
1015 1372 1031 1394 ,
1048 1350 1128 1383 aut
1150 1338 1311 1404 ignota
1331 1351 1463 1386 erant
1479 1373 1494 1396 ‚
1514 1339 1699 1405 aperuit
1717 1375 1731 1396 ‚
1749 1337 1799 1386 &
1823 1337 2085 1403 explicavit
2109 1374 2118 1381 .
2150 1339 2338 1386 Multa-

467 1422 576 1454 rum
611 1406 730 1452 item
755 1406 1025 1453 Nationum
1056 1423 1211 1455 mores
1233 1443 1249 1464 ,
1287 1408 1411 1474 leges
1434 1444 1451 1466 ,
1478 1409 1594 1456 ritus
1620 1444 1636 1464 ,
1665 1407 1852 1455 ordines
1870 1442 1885 1464 ,
1916 1406 2248 1476 magistratus,
2275 1409 2342 1456 lu-

467 1473 553 1525 dos
587 1510 604 1534 ,
639 1473 804 1523 funera
832 1510 848 1534 ,
882 1474 1105 1523 sacrificia
1132 1513 1148 1534 ,
1185 1476 1507 1526 solemnitates
1536 1515 1552 1537 ‚
1589 1478 1857 1545 triumphos
1883 1513 1899 1535 ,
1937 1495 1990 1523 ac
2027 1476 2235 1544 denique
2269 1475 2339 1524 sa·

465 1546 699 1613 pientiam
717 1581 732 1602 ,
750 1545 1158 1613 pulchritudinem
1176 1583 1192 1605 ,
1208 1549 1258 1598 &
1276 1551 1542 1616 potentiam
1563 1588 1578 1611 ‚
1606 1547 1777 1615 quibus
1800 1545 2032 1597 transa<sta
2061 1546 2228 1597 saecula
2249 1550 2339 1596 cla-

463 1616 1078 1672 ruennn,abunden0vst.

606 1686 887 1752 Expendens
923 1700 1083 1736 autem
1104 1701 1285 1754 quantae
1314 1686 1372 1736 fit
1405 1690 1627 1737 utilitatis
1652 1688 1934 1736 Mechanice
1963 1687 2025 1737 ad
2059 1688 2343 1755 inquirenda

465 1768 646 1806 naturae
665 1773 805 1822 opera
825 1775 1020 1814 arcana,
1036 1759 1086 1806 ὃς
1112 1757 1416 1806 admirabiles
1435 1760 1632 1807 illorum
1663 1756 1854 1807 effestus
1870 1794 1887 1815 ,
1917 1759 2028 1806 huic
2061 1761 2207 1806 etiam
2242 1758 2338 1808 stu-

464 1825 547 1872 dio
568 1827 683 1873 totis
702 1824 886 1872 viribus
918 1823 1010 1874 sese
1031 1826 1219 1874 addixit
1237 1863 1253 1884 ,
1286 1826 1438 1894 eoque
1463 1829 1686 1895 pervenit
1705 1864 1721 1885 ,
1753 1842 1806 1875 ut
1838 1828 1947 1877 cum
1975 1826 2174 1878 audisset
2203 1849 2227 1877 a
2257 1833 2340 1878 Sa·-

466 1895 629 1943 muele
653 1894 881 1942 Morland
904 1897 1077 1962 Equite
1111 1899 1273 1964 Anglo
1312 1899 1557 1946 inventam
1586 1895 1719 1945 fuisse
1755 1896 1918 1945 tubam
1939 1900 2339 1967 Stentorophoni-

465 1982 570 2014 cam
591 1967 611 2021 (
631 1961 692 2012 fic
713 1966 1001 2032 appellatam
1021 1985 1046 2012 a
1077 1968 1310 2015 Stentoris
1340 1969 1533 2017 nomine
1549 2004 1566 2026 ,
1595 1967 1720 2035 apud
1738 1971 2015 2016 Homerum
2040 1971 2249 2036 praeclari
2276 1970 2339 2019 ob

463 2036 597 2083 vocis
615 2030 925 2083 sonoritatem
944 2045 965 2098 )
984 2033 1147 2083 tubam
1169 2034 1377 2095 scilicet,
1405 2056 1507 2104 quae
1534 2056 1672 2086 voces
1691 2040 1962 2086 articulatas
1997 2040 2041 2085 in
2062 2042 2335 2089 eximiam-2

463 2105 867 2173 longinquitatem
886 2105 1119 2167 traducit3
1138 2105 1275 2156 solito
1298 2110 1471 2175 ingenii
1504 2110 1752 2165 acumine,
1780 2123 1918 2177 atque
1937 2108 2198 2175 praestantia
2227 2113 2337 2179 plu-

464 2194 534 2226 res
551 2174 785 2239 ejusmodi
808 2173 944 2224 tubas
960 2194 1050 2224 non
1069 2175 1162 2227 fine
1194 2180 1412 2226 omnium
1431 2178 1750 2227 admiratione
1777 2181 1827 2229 ὃς
1856 2178 1950 2246 ipse
1970 2176 2224 2245 perfecerit
2246 2216 2258 2227 .

606 2247 678 2293 At
695 2263 967 2312 quanquam
985 2261 1058 2295 tot
1076 2250 1198 2297 curis
1213 2285 1228 2306 ,
1245 2251 1295 2299 ὃ(
1311 2247 1702 2316 occupationibus
1721 2251 1992 2316 implicatus
2009 2284 2025 2306 ,
2062 2267 2152 2297 non
2175 2263 2338 2299 tamen

462 2316 520 2362 iis
550 2314 879 2382 acquiescens,
911 2319 1199 2387 recogitavit
1220 2319 1539 2368 Academiam
1566 2316 1936 2367 Ecclesiasticam
1957 2356 1973 2379 ‚
2000 2337 2140 2383 quam
2163 2323 2337 2369 Nonus

461 2386 691 2435 Clemens
709 2389 916 2437 excitare
939 2387 1260 2438 meditabatur
1277 2426 1295 2448 ,
1309 2391 1358 2439 ὃς
1372 2390 1648 2457 praemortui
1676 2387 1915 2436 Pontificis
1943 2387 2231 2438 desiderium
2251 2391 2335 2439 sta-

461 2456 557 2503 tuit
587 2455 849 2523 adimplere
864 2495 874 2505 .
906 2461 1094 2506 Anxius
1114 2460 1261 2525 igitur
1278 2478 1473 2508 omnem
1493 2458 1702 2527 lapidem
1723 2460 1894 2516 movit,
1911 2476 2198 2527 omnemque
2218 2480 2335 2528 ope-

461 2542 562 2572 ram
583 2525 820 2592 impendit
836 2563 853 2585 ,
870 2541 924 2574 ut
953 2528 1000 2575 id
1015 2532 1323 2594 exequutioni
1345 2528 1562 2577 citiffim&
1582 2527 1894 2586 demandaret
1910 2550 1924 2589 3
1941 2531 2334 2598 congregatisque

462 2596 582 2643 viris
601 2595 786 2644 idoneis
804 2631 820 2654 ,
838 2615 891 2644 ac
910 2596 1171 2665 praesertim
1190 2601 1238 2646 in
1254 2596 1576 2648 Ecclefiastica
1594 2597 1784 2645 historia
1805 2601 1947 2648 valde
1965 2603 2127 2666 peritis
2140 2637 2156 2658 ,
2176 2600 2333 2670 fingu-

463 2666 611 2714 larem
630 2666 680 2717 δε
697 2664 963 2733 proficuam
986 2667 1321 2728 Academiam,
1346 2672 1391 2717 in
1411 2687 1500 2736 qua
1520 2666 1580 2717 de
1596 2665 1735 2716 rebus
1748 2668 1806 2716 ad
1826 2671 2046 2718 Concilia
2062 2706 2077 2727 ,
2101 2675 2333 2730 Canones,

465 2754 518 2782 ac
550 2738 791 2803 triplicem
825 2737 1147 2805 Theologiam
1163 2775 1180 2798 ,
1211 2743 1398 2787 Sacram
1430 2737 1659 2786 videlicet
1677 2774 1692 2794 ,
1727 2738 2060 2788 Scholasticam
2077 2778 2091 2797 ,
2109 2744 2156 2791 ἃ.
2175 2745 2338 2791 Mora-

465 2806 562 2854 lem
593 2805 938 2873 pertinentibus
970 2823 1218 2876 ageretur,
1250 2812 1296 2856 in
1318 2810 1538 2877 Collegio
1560 2809 1629 2860 De
1643 2810 1924 2878 Propaganda
1947 2812 2055 2861 Fide
2087 2831 2331 2882 nuncupa-

466 2888 544 2937 to,
565 2874 751 2924 summa
768 2895 879 2926 cum
897 2880 1037 2928 laude
1060 2877 1309 2928 fundavit.

609 2948 905 2997 Meritorum
923 2951 1215 2999 incremento
1232 2952 1424 3018 praemia
1443 2946 1758 3010 accefferunt3
1793 2948 2091 3019 subsequenti
2111 2954 2236 3000 enim
2251 2970 2333 2999 an-

462 3034 526 3064 no
549 3018 671 3065 inter
685 3015 1094 3077 Abbreviatores,
1113 3038 1228 3086 quos
1257 3021 1308 3069 de
1325 3023 1462 3072 Parco
1482 3019 1658 3084 Majori
1675 3020 1906 3079 dicimus,
1929 3035 2300 3071 connumeratur
2322 3044 2335 3071 z

462 3084 798 3141 &successive
820 3089 867 3140 A
882 3090 1068 3140 Secretis
1096 3093 1222 3138 illius
1242 3092 1454 3160 Collegii
1475 3092 1689 3137 unanimi
1714 3094 1931 3141 omnium
1951 3090 2173 3142 consensu
2193 3095 2332 3159 eligi-

465 3170 546 3205 tur
567 3195 577 3205 .
610 3156 800 3208 Verum
821 3177 963 3208 onera
982 3196 999 3217 ,
1024 3162 1074 3211 δε
1099 3158 1357 3210 ministeria
1383 3160 1681 3227 reduplicata
1704 3160 1935 3211 consuetis
1966 3164 2213 3230 Ciampini
2237 3164 2332 3210 ltu-

467 3225 556 3279 diis
578 3229 696 3276 nihil
720 3229 1031 3278 detraxerunt
1049 3253 1065 3291 3
1094 3232 1268 3298 quippe
1290 3233 1370 3282 ille
1388 3253 1414 3281 a
1430 3229 1592 3280 labore
1612 3232 1829 3280 vividior
1844 3268 1861 3289 ,
1882 3232 2005 3280 mira
2024 3234 2233 3300 corporis
2249 3269 2266 3290 ,
2286 3252 2333 3279 a-

466 3299 678 3367 nimique
695 3297 956 3350 constantia
982 3302 1143 3350 omnia
1157 3337 1174 3361 ,
1193 3302 1243 3352 ἃ
1261 3300 1441 3373 fingula
1460 3301 1519 3350 de
1538 3319 1671 3351 more
1692 3301 2091 3371 prosequebatur:
2113 3302 2331 3372 quinimo

2277 3391 2337 3422 ex
