2425 3747
774 187 1471 250 CAPDTVI.

107 269 323 321 Pisarum
341 268 554 337 Scriptor
580 264 752 317 Paulus
769 263 949 312 Tronci
972 282 1080 332 pag.

108 351 189 402 56‘.
217 340 300 390 ubi
319 352 428 391 cam
445 337 704 390 vistoriam
732 335 932 384 relatam
952 351 1082 387 enar-

102 427 177 460 rat
205 430 328 462 anno
360 428 504 469 1117.
538 427 591 456 ac
611 408 735 454 inter
754 407 847 452 alia
879 407 1081 474 opima-2

101 481 254 552 spolia
281 520 298 542 ‚
336 477 677 546 manubiasque
710 479 735 525 ὲ
764 476 904 525 vistis
938 475 1078 526 hosti-

103 554 190 603 bus
208 564 467 622 reportatas
481 586 499 609 ‚
537 548 652 597 duas
678 543 812 596 fuisse
833 551 1082 599 columnas

102 624 468 694 porphyreticas
498 656 515 680 ,
561 621 611 671 ἃ
648 614 873 686 quasdam
914 621 1080 668 valvas

100 712 249 745 aeneas
264 690 419 742 asserit
430 727 446 749 ,
463 708 576 759 quas
591 693 754 740 Metro
759 691 980 758 politanae
993 691 1079 736 Ec-

99 761 249 814 clefiae
276 761 490 812 Pisarum
518 761 645 811 dono
672 758 913 811 sacrarunt
930 798 941 809 .
977 761 1082 811 Has

97 837 278 906 igitur,
308 851 511 902 quarum
545 833 794 900 exemplar
822 831 885 881 ob
918 831 1081 881 oculos

95 908 296 974 ponitur
312 941 328 963 ,
365 923 441 954 eas
458 901 548 953 esse
567 902 915 972 ambigendum
944 919 1081 954 non-..-

97 976 166 1025 est
184 1012 202 1032 ‚
233 991 338 1024 tum
356 971 388 1022 fi
409 975 640 1023 caelaturae
660 993 809 1042 genus
831 972 1049 1042 inspicias
1063 1008 1081 1031 2

96 1061 202 1099 tum
234 1047 386 1094 etiam
415 1043 452 1092 fi
486 1043 706 1094 barbaras
739 1062 882 1093 voces
914 1046 962 1091 in
989 1041 1079 1093 eis-

93 1115 209 1165 dem
239 1115 497 1183 insculptas
531 1117 693 1184 legas,
730 1129 785 1163 ut
820 1114 943 1163 infra
986 1115 1080 1168 cla-

92 1183 193 1238 rius
223 1184 476 1256 apparebit
497 1223 507 1233 .

165 1255 265 1304 Hic
294 1255 413 1306 vero
432 1256 684 1305 Le&orem
715 1257 962 1304 monitum
995 1271 1080 1304 cu-

91 1327 206 1393 pio,
246 1326 378 1395 quod
402 1327 506 1374 aeris
533 1324 710 1374 incisor
738 1328 788 1373 in
818 1325 1080 1376 incidendo

1132 259 1488 333 gunculae'sunt
1507 295 1524 321 ,
1560 277 1663 329 quae
1689 260 1777 311 nlsl
1809 280 1870 312 ex
1900 215 2112 333 superiii}

1134 335 1272 384 dietis
1285 368 1302 391 ,
1327 333 1377 383 &
1403 351 1461 383 ex
1480 329 1581 402 ipso
1605 330 1805 382 Tabulae
1827 335 1974 385 titulo
1996 356 2111 386 con-

1132 408 1398 474 ciperemus
1421 439 1438 462 ,
1479 402 1595 472 quid
1627 404 1880 465 indicent,
1917 425 2114 477 arguere

1132 477 1278 524 nullo
1297 492 1508 541 unquam
1529 474 1669 546 pasto
1688 471 1928 545 possemus
1944 516 1956 527 .

1186 550 1249 595 D.
1280 543 1432 595 Vides
1449 548 1495 592 in
1516 547 1605 595 hoc
1627 561 1797 615 quarto
1816 549 2115 600 loculamen‹

1131 630 1185 666 to
1204 631 1296 665 tres
1315 619 1487 684 Magos
1501 650 1518 673 ‚
1533 619 1616 685 qui
1634 637 1746 668 cum
1765 618 1940 689 magnai
1958 622 2115 670 homi-

1134 705 1253 736 num
1269 722 1287 745 ,
1325 683 1579 736 servorum
1615 686 1797 739 scilicet
1834 691 2114 740 multitudi-

1134 777 1229 818 ne,
1264 755 1455 806 sarcinis
1482 758 1649 809 onustai
1668 795 1685 817 ,
1722 761 1962 831 adjesum
1994 765 2117 811 Pue-

1134 848 1244 878 rum
1279 828 1585 879 adorandum
1621 830 1898 894 accedunt3
1930 848 1985 882 ut
2019 831 2122 884 fuse

1135 914 1298 950 narrat
1316 901 1575 951 Matthaeus
1596 921 1699 971 cap.
1729 920 1774 950 2.
1799 921 1845 952 2.
1866 905 1917 954 δε
1942 903 2070 971 seqq.

1206 974 1261 1025 E.
1300 970 1468 1026 Habes
1495 974 1544 1021 in
1561 974 1649 1023 hac
1668 992 1775 1024 area
1794 975 1976 1025 Christi
1997 975 2121 1023 Pue-

1133 1043 1174 1091 ri
1202 1041 1621 1111 praesentationem
1642 1048 1690 1093 in
1714 1045 1959 1115 Templo,
1977 1062 2125 1113 quam

1135 1115 1179 1162 S.
1198 1114 1350 1162 Lucas
1367 1132 1469 1182 cap.
1494 1131 1540 1161 2.
1566 1132 1646 1175 27.
1666 1115 1728 1163 fic
1745 1117 1918 1166 tradit:
1951 1118 2011 1167 Et
2030 1120 2126 1166 citm

1133 1187 1386 1238 inducerent
1401 1186 1587 1238 Puerum
1604 1188 1771 1257 ⁶Jesum
1783 1202 1988 1253 parentes
2002 1193 2094 1254 ejus
2109 1220 2126 1244 ,

1134 1258 1392 1327 utfilcerent
1407 1258 1649 1327 sbcundiim
1679 1259 2026 1327 confitetudinem
2060 1259 2124 1308 le-

1127 1335 1205 1400 gis
1226 1345 1306 1396 pro
1323 1348 1390 1379 eo:
1418 1334 1474 1379 &⁶
1493 1331 1583 1397 iJDs}
1612 1335 1775 1395 accepit
1804 1349 1897 1379 eum
1928 1334 1978 1379 in
2003 1330 2129 1378 ulnas

89 1398 381 1466 exemplaris
400 1396 704 1465 perturbavit
724 1396 950 1448 ordinem
969 1435 987 1456 ‚
1026 1414 1081 1451 ea
1121 1402 1261 1470 suas,
1297 1404 1354 1451 &-
1391 1399 1625 1451 benedixit
1662 1402 1807 1452 Deum
1829 1436 1844 1459 ,
1881 1403 1939 1453 &⁵
1965 1399 2091 1448 dixit
2116 1416 2129 1447 ι

87 1469 223 1517 enim
243 1486 344 1534 quae
372 1465 482 1515 sunt
513 1467 573 1516 ad
603 1468 855 1518 dexteram
875 1507 893 1528 ,
920 1466 1081 1538 posuit
1134 1472 1269 1523 Nunc
1300 1473 1502 1521 dimittis
1520 1473 1713 1540 firvum
1748 1489 1870 1522 tuum
1902 1471 2127 1530 Domine,

88 1537 153 1588 ad
171 1534 401 1587 sinistram
416 1574 434 1597 ,
467 1540 518 1590 δε
545 1542 740 1590 econtra
756 1576 768 1587 .
803 1543 906 1609 Ego
929 1542 1081 1610 igitur
1122 1544 1364 1614 ficundiaem
1384 1543 1569 1594 ‘verbum
1600 1561 1720 1593 tuum
1748 1549 1799 1593 in
1812 1558 1917 1609 pace
1934 1546 2027 1594 &a

90 1609 355 1677 genuinum
375 1608 513 1659 sacrae
529 1609 755 1661 Historiae
774 1614 1001 1663 ordinem
1016 1609 1083 1662 se-

90 1695 240 1744 quens
265 1714 280 1735 ,
318 1679 515 1726 initium
552 1679 741 1729 sumam
772 1682 832 1731 ab
871 1681 1080 1732 infima...

92 1750 252 1796 areola
273 1747 432 1797 dextri
460 1750 621 1799 lateris
638 1786 654 1808 ,
692 1770 870 1821 nempe
889 1772 915 1801 a
934 1752 1079 1802 litera

153 1820 218 1863 A.
239 1820 288 1862 in
309 1837 397 1880 qua
421 1818 778 1868 dernonstratnr
791 1826 1076 1872 Annuncia-

91 1887 163 1933 tio
184 1887 237 1931 Β.
261 1885 430 1932 Mariae
447 1882 695 1950 Virginis,
713 1894 768 1929 ut
788 1884 973 1948 Figurae
989 1917 1009 1942 ,
1028 1882 1079 1932 δῖ.

94 1953 192 2023 ipsa
204 2004 210 2010 ,Α
224 1953 492 2022 Epigraphe
520 1988 536 2010 ,
586 1955 634 2000 A
648 1956 698 2002 V
715 1954 752 2000 E
791 1956 849 2001 M
867 1955 916 2000 A
930 1955 973 2000 R
990 1956 1014 2002 I
1030 1955 1080 2000 A

98 2024 327 2074 GRAT
347 2028 434 2072 IA
475 2024 740 2072 PLENA
769 2060 785 2083 ‚
830 2021 941 2074 satis
973 2059 991 2085 ,
1029 2024 1080 2075 ὃ(

97 2094 287 2144 abunde
321 2094 497 2143 docent
517 2129 530 2140 .

155 2167 206 2213 Β.
238 2166 439 2215 Clarum
460 2164 587 2230 aeque
603 2182 654 2211 ac
674 2161 889 2232 superius
903 2164 969 2215 est
987 2166 1078 2214 hoc

94 2236 395 2304 Mystcrium
411 2271 427 2293 ,
468 2253 563 2302 quo
586 2232 815 2285 Vifitatio
837 2240 891 2285 Β.
908 2238 1078 2285 Mariae

1204 1621 1255 1666 F.
1294 1618 1458 1678 Hujus
1482 1616 1578 1664 loci
1596 1617 1869 1683 Epigraphe
1893 1612 1984 1663 est:
2013 1612 2132 1660 FV-

1133 1689 1245 1734 GA
1285 1689 1379 1735 IN
1415 1686 1811 1736 EGIPTVP.
1854 1682 1968 1731 cum
2005 1677 2134 1732 scili·

1132 1766 1208 1802 cet
1246 1747 1468 1813 Angelus
1495 1749 1724 1810 apparuit
1759 1754 1809 1795 in
1843 1749 2025 1798 somnis
2043 1751 2133 1818 Jo.⁸⁴

1132 1819 1277 1881 seph,
1308 1817 1359 1868 &
1392 1814 1517 1863 dixit
1550 1816 1625 1863 ei:
1663 1815 1831 1884 Surge,
1865 1822 1922 1871 &¹
1947 1825 2131 1886 accipe„

1134 1884 1352 1940 Puerum,
1383 1883 1440 1931 &⁴
1469 1880 1672 1931 Matrem
1706 1891 1797 1949 ejus
1815 1920 1832 1943 ‚
1868 1893 1926 1939 ἐπ’
1941 1890 2056 1959 fhge
2080 1895 2131 1940 in

1134 1952 1413 2023 AEg‘yptum:
1454 1950 1572 2001 teste
1592 1955 1774 2003 Matth.
1798 1974 1902 2026 cap.
1930 1976 1977 2006 2.
2003 1975 2081 2018 13.

1209 2026 1274 2073 G.
1314 2023 1481 2070 Paucis
1501 2022 1628 2073 hisce
1653 2026 1841 2095 Figuris
1872 2027 2128 2078 immanis-

1132 2092 1254 2148 sima
1297 2094 1566 2143 Puerorum
1604 2094 1778 2165 strages
1814 2096 2082 2149 ostenditur
2111 2135 2128 2159 ,

1134 2185 1279 2234 quam
1304 2163 1449 2213 habes
1469 2164 1596 2232 apud
1616 2168 1910 2217 Matthaeum
1929 2190 1971 2218 c.
1990 2180 2125 2220 2.16'.

1135 2238 1258 2290 Tunc
1276 2236 1468 2289 Herodes
1487 2236 1655 2286 videns
1677 2246 1876 2305 quoniam
1893 2243 2051 2311 illufits
2068 2245 2129 2311 cst

98 2308 314 2376 Virginis
330 2342 346 2364 ,
367 2308 416 2357 &
435 2305 656 2354 occursus
675 2307 716 2352 8,
733 2304 975 2357 Elisabeth
994 2344 1012 2365 ,
1031 2310 1082 2358 &
1121 2312 1195 2380 sbi
1216 2315 1241 2361 ὰ
1259 2308 1452 2377 Magis,
1488 2312 1628 2357 iratus
1655 2311 1724 2359 ef?
1743 2313 1910 2369 valde,
1941 2316 1998 2363 <²9⁵
2025 2318 2129 2362 mit·

94 2376 342 2445 utriusque
365 2375 588 2425 salutatio
606 2374 885 2427 exhibetur.
908 2377 1080 2427 Inscri-

99 2451 200 2518 ptio
231 2463 394 2498 tamen
416 2447 644 2506 barbara,
681 2449 730 2498 ἃ
750 2447 950 2497 obscura
983 2447 1078 2509 est,

99 2520 272 2588 nempe
305 2521 448 2569 SLA
487 2520 782 2569 LISABE
803 2557 819 2578 ,
849 2539 949 2588 quae
981 2539 1078 2569 vox

98 2592 246 2639 SLA
281 2591 500 2641 Salmatia
526 2626 542 2647 ,
582 2591 664 2641 vel
700 2591 867 2641 Sanbict
899 2593 1078 2660 exponi

99 2660 245 2712 debet
266 2699 275 2709 .

180 2735 238 2781 C.
292 2737 349 2781 In
388 2733 528 2780 tertia
560 2732 646 2780 hac
688 2751 795 2782 area
832 2734 1079 2783 Nativitas

100 2800 279 2854 Christi
299 2805 501 2851 Domini
532 2804 851 2871 exprimitur.
891 2803 1079 2856 Vifitur

98 2892 234 2923 mons
249 2909 265 2930 ,
283 2892 335 2921 ac
357 2870 496 2942 super
517 2892 630 2923 eum
649 2894 762 2925 oves
782 2912 797 2932 ,
835 2892 977 2945 atque
997 2878 1078 2924 Pac

99 2943 244 2994 stores
263 2980 279 3002 ,
316 2963 502 2995 necnon
539 2944 636 2995 duo
658 2948 839 3015 Angeli
858 2985 874 3007 ,
910 2950 1080 2998 Domi-

100 3017 150 3063 ni
164 3018 493 3066 Nativitatem
504 3013 769 3066 Pastoribus
789 3021 1080 3069 annuncian-

101 3098 196 3134 tes:
235 3085 429 3136 inferius
446 3085 565 3136 vero
585 3089 745 3136 Maria
768 3091 922 3158 Virgo
942 3093 1077 3141 velu=

101 3157 139 3203 ti
164 3157 213 3203 in
228 3171 365 3208 antro
379 3195 397 3216 ,
426 3175 510 3227 per
528 3157 659 3224 quod
675 3157 881 3228 Praesepe
903 3181 1074 3231 reprae-

97 3226 339 3275 sentatur.
380 3228 573 3278 Ibidem
607 3230 656 3279 ἃ
688 3234 929 3282 nonnullae
952 3236 1074 3282 ima-

1130 2398 1227 2432 tens
1255 2379 1412 2430 occidit
1428 2398 1573 2429 omnes
1593 2380 1753 2430 Pueros
1769 2419 1784 2441 ,
1820 2387 1895 2452 qui
1919 2399 2043 2432 erant
2072 2389 2124 2434 in

1132 2452 1386 2503 Bethlehem
1403 2486 1419 2507 ,
1455 2454 1511 2501 Ο
1534 2452 1585 2497 in
1613 2450 1810 2503 omnibus
1827 2454 2004 2523 finibus
2031 2460 2123 2521 ejus

1131 2529 1157 2574 ὰ
1172 2522 1365 2572 bimbatu
1379 2558 1395 2580 ‚
1427 2524 1484 2573 &²
1501 2518 1626 2588 infla
1640 2557 1655 2578 ,
1674 2524 1914 2590 ficunditm
1929 2540 2092 2592 tempus
2106 2561 2122 2583 ,

1133 2594 1246 2663 quod
1266 2591 1531 2661 exquifierat
1554 2599 1580 2642 ᾱ
1598 2591 1760 2663 Magis
1780 2605 1873 2646 (Tc.

1205 2667 1274 2714 H.
1317 2668 1374 2713 In
1409 2663 1494 2711 hac
1513 2662 1676 2711 tabula
1699 2664 2005 2736 ChristiJesu
2032 2668 2118 2712 Ba-

1133 2734 1334 2806 ptismus
1356 2737 1404 2782 in
1415 2734 1631 2804 Jordane
1647 2739 1864 2804 ‚Joanne
1881 2733 2121 2793 ministro,

1132 2810 1182 2859 &
1201 2805 1387 2856 duobus
1406 2807 1609 2872 Angelis
1638 2807 1685 2852 in
1707 2805 2026 2876 obsequium,
2055 2804 2119 2853 fa-

1132 2880 1467 2944 mulatumque
1488 2874 1779 2927 adstantibus
1793 2915 1809 2937 ,
1847 2876 2118 2947 perspicuus

1132 2950 1197 2999 est
1219 2986 1229 2997 .
1270 2946 1528 3016 Inscriptio
1550 2967 1563 2998 z
1603 2949 1963 2999 BAPTIZAT
1980 2984 1990 2994 .

1203 3024 1243 3070 Ι.
1283 3023 1464 3088 Magna
1483 3018 1558 3066 hic
1582 3037 1830 3088 premerer
1849 3017 2114 3069 obscurita-

1132 3105 1208 3149 te,
1244 3088 1332 3138 nisi
1350 3087 1447 3159 ipsa
1477 3090 1590 3138 licet
1611 3089 1805 3138 confusa
1835 3086 2114 3155 inscriptio,

1131 3162 1810 3211 TEMPTATADABOLO
1845 3162 1978 3225 (quae
2014 3159 2109 3225 legi

1128 3233 1271 3283 debet
1291 3254 1302 3282 :
1341 3234 1555 3286 Tentatur
1571 3236 1595 3279 ᾱ
1614 3229 1837 3293 Diabolo)
1877 3230 1967 3278 hoc
1986 3229 2108 3346 {ihi

2048 3316 2111 3347 ie-
