2425 3747
109 264 206 323 est,
236 261 546 332 servaturque
574 261 713 331 penes
735 262 1084 314 Excellentiffi-

109 354 249 386 mum
264 340 325 384 D.
340 337 606 403 Principem
635 331 854 382 Chifium
874 369 886 382 .
914 340 971 386 In
997 336 1084 384 hu-

108 411 182 470 jus
200 409 518 475 explicatione
538 422 633 453 non
655 404 807 453 haereo
820 439 837 462 ,
851 403 961 455 crim
980 408 1086 454 uni-

109 479 163 528 c&
177 476 235 525 ab
256 475 436 545 opificis
451 474 520 523 sui
542 473 775 523 arbitratu
795 476 1085 544 dependeat.

107 547 402 616 Magnitudo
440 546 633 615 picturae
672 543 740 596 est
771 547 1088 615 palmorum-a

109 616 320 667 duorum
338 635 450 665 cum
465 616 669 670 dimidio
686 642 698 664 .

183 688 441 745 Tertium,
471 686 601 755 quod
621 686 705 735 sub
723 705 856 736 num.
883 707 929 737 2.
959 689 1095 739 exhi-

106 755 231 817 be0‚
258 758 558 809 elaboratum
576 756 641 808 est
668 759 718 806 in
748 758 909 808 tabula
937 757 1096 828 figuli-

107 845 196 875 na.
234 830 398 893 Hujus
423 830 668 898 exemplar
688 828 835 878 habui
855 833 881 880 a
899 830 1092 879 laudato

108 900 172 946 D.
202 900 375 968 Equite
407 902 586 952 Carolo
609 903 827 950 Antonio
856 903 884 950 a
911 902 1092 960 Puteo,

109 971 415 1037 antiquarum
447 970 809 1029 eruditionum,
839 990 892 1020 ac
925 972 1089 1019 litera-

107 1056 220 1087 rum
248 1040 569 1091 amantiffimo
585 1077 597 1088 .
639 1041 788 1107 Qod
807 1043 856 1089 in
875 1040 1090 1091 eodem-2

105 1111 426 1178 exprimitur,
464 1128 637 1179 nempe
663 1109 976 1180 supracitatus
994 1115 1089 1160 Eu-

104 1199 235 1250 ropae
260 1197 421 1250 raptus
436 1219 455 1242 ,
490 1183 675 1251 pustula
693 1179 792 1250 ipsa
811 1181 1043 1231 ostendit.

177 1256 423 1320 Qartum
438 1271 557 1320 opus
574 1249 826 1301 Mufivum
847 1249 991 1303 affero
1007 1251 1092 1300 sub

105 1341 240 1371 num.
270 1338 315 1381 3.
344 1321 608 1389 vifiturque
634 1322 779 1371 hodie
815 1325 865 1370 in
891 1323 1092 1392 Oppido

103 1395 346 1444 Mevaniae
359 1429 376 1452 ,
406 1393 537 1461 quod
555 1394 676 1441 olim
699 1389 830 1457 Urbs
850 1407 953 1443 erat
979 1394 1094 1462 Epi-

101 1464 304 1533 scopalis
330 1463 550 1517 Umbriae
580 1463 639 1512 ad
667 1465 980 1514 Clitumnum
998 1463 1092 1516 flu-

101 1537 247 1586 vium
278 1548 474 1604 propter
505 1535 641 1584 viam
658 1535 981 1594 Flaminiam,
1012 1532 1094 1585 sex

102 1605 319 1655 millibus
338 1609 365 1656 a
384 1606 618 1674 Fulgineo
641 1603 845 1675 paffibus
858 1643 877 1666 ,
905 1610 931 1657 ὲ
953 1608 1095 1656 Peru-

103 1675 170 1726 fia
189 1677 307 1725 vero
333 1676 595 1726 duodecim
614 1675 787 1726 distans
804 1713 822 1736 ,
848 1690 1091 1727 armento-

106 1761 218 1793 rum
232 1775 251 1798 ‚
269 1751 594 1808 pecorumque
613 1745 753 1802 copia
773 1748 1008 1802 perc-clem
1021 1749 1057 1783 is
1079 1769 1090 1780 .

106 1818 184 1863 De
212 1829 267 1861 ea
285 1806 385 1857 fuse
413 1807 598 1871 antiqui
625 1806 889 1872 Scriptores
918 1807 1093 1855 memi-

104 1883 217 1932 nere
229 1916 246 1939 ,
259 1895 433 1947 nempe
449 1877 631 1923 Plinius
642 1908 660 1933 ,
675 1875 958 1923 Columella
970 1910 987 1930 ,
1004 1877 1098 1920 Lu-

107 1969 252 2002 canus
277 1987 293 2008 ,
333 1949 504 2004 Silius,
536 1946 715 1993 Statius
732 1980 751 2002 ,
785 1944 1060 2011 Propertius
1079 1977 1096 1998 ,

108 2020 278 2072 Strabo
297 2055 314 2077 ,
339 2019 623 2066 Ptolomaeus
637 2050 654 2072 ,
673 2016 722 2065 &
742 2016 852 2062 alii.
883 2017 1094 2081 Compe-

108 2097 183 2142 rio
199 2088 537 2140 Innocentium
554 2091 652 2152 jam
671 2082 884 2150 ejusdem
902 2086 1091 2134 Civita-

109 2167 171 2212 tis
199 2157 490 2229 Episcopum
516 2174 637 2204 anno
656 2162 774 2219 487.
799 2151 1091 2223 subscripsis-

108 2232 157 2284 se
192 2236 239 2279 in
260 2230 481 2280 Concilio
503 2230 597 2276 III.
625 2230 846 2275 Romano
875 2227 946 2276 De
963 2224 1093 2294 lapsis

111 2301 335 2372 Africanae
351 2298 540 2368 Ecclcfiae
567 2298 828 2363 recipiendis
860 2293 945 2344 sub
966 2299 1090 2346 Feli-

110 2393 197 2435 ce;
225 2392 278 2421 ac
300 2374 477 2426 iterum
497 2386 620 2416 anno
640 2386 759 2433 499.
779 2371 826 2415 in
848 2368 942 2416 alio
965 2371 1091 2417 Con-

113 2447 228 2494 cilio
245 2447 462 2491 Romano
479 2477 496 2499 ,
517 2437 749 2488 videlicet
771 2443 810 2488 Ι.
829 2436 911 2484 ubi
930 2438 1092 2487 aestum

110 2517 204 2566 fuit
223 2514 293 2563 De
306 2512 490 2561 tollendo
509 2509 674 2560 ambitu
690 2516 740 2561 in
754 2513 959 2564 Comitiis
979 2511 1094 2560 Pona

111 2588 272 2655 tificiis
290 2581 372 2630 sub
395 2582 690 2650 Symmacho
708 2618 719 2628 .
747 2583 865 2631 Haec
887 2581 1094 2648 praemit-

113 2655 261 2708 tenda
291 2650 450 2702 censui
483 2652 541 2699 ad
560 2648 769 2714 ejusdem
791 2650 941 2705 Urbis
974 2652 1094 2699 anti-

116 2728 367 2794 quitatem,
380 2736 519 2789 atque
536 2719 841 2790 splendorem
859 2720 1093 2770 infinuan-

116 2799 237 2846 dum
252 2831 270 2852 ‚
301 2807 354 2841 ut
372 2811 431 2843 ex
449 2793 694 2861 parietinis
708 2830 723 2852 ,
749 2811 850 2860 quae
868 2792 1021 2842 adhuc
1045 2794 1093 2838 in

116 2886 175 2918 ea
201 2863 381 2915 exstant
406 2899 424 2922 ,
462 2865 596 2930 argui
626 2864 803 2932 potest:
844 2866 893 2914 δε
923 2861 1091 2912 confir-

118 2950 252 2988 mant
280 2937 369 2982 tria
393 2935 670 3003 pavimenta
691 2936 865 3003 lapillis
885 2951 1093 2983 marmo-

115 3010 207 3059 reis
231 3005 370 3055 strata
399 3041 414 3062 ,
453 3021 552 3071 quae
585 3005 651 3052 ibi
682 3007 731 3056 &
766 3005 908 3054 hodie
935 3002 1093 3072 super-

117 3076 250 3127 sunt.
288 3077 503 3123 Primum
523 3078 852 3141 pavimentum
882 3078 1094 3124 cernitur

117 3149 167 3196 in
184 3146 405 3195 domibus
421 3144 686 3194 Alexandri
702 3145 893 3196 Alberti
911 3149 957 3193 in
977 3146 1092 3194 dua-

116 3217 201 3268 bus
215 3219 412 3265 cameris
423 3253 439 3274 ,
454 3233 654 3283 quarum
671 3220 801 3285 prior
817 3218 994 3286 lapillis
1012 3234 1096 3265 un-

187 3286 291 3337 Par.
305 3286 344 3335 I.

1119 188 1286 248 UT
1384 190 1456 244 X.
2058 206 2118 257 83

1138 266 1321 313 ciarum
1338 261 1543 312 duarum
1561 261 1780 322 circiter,
1803 265 1898 313 albi
1917 267 1966 316 &
1988 269 2113 338 nigri

1140 337 1311 385 coloris
1324 370 1340 392 ,
1367 353 1462 384 non
1478 352 1572 384 uno
1589 332 1736 384 modo
1752 333 1985 404 dispositis
1997 375 2013 396 ,
2035 358 2117 387 va-

1140 408 1348 475 riegatus
1365 441 1375 451 .
1396 407 1612 454 Alterius
1633 422 1828 453 camerae
1845 407 2001 474 lapilli
2022 426 2120 455 ma-

1139 474 1392 547 gnitudine
1426 476 1674 544 praedistos
1697 476 1972 535 excedunt,
2010 476 2126 537 cum,

1143 551 1191 593 in
1214 543 1426 613 qualibet
1443 544 1563 595 facie
1589 544 1681 604 sint
1705 548 2008 596 minutorum
2035 550 2124 596 cir-

1146 618 1265 665 citer
1283 615 1392 665 οέὶο
1402 652 1420 676 ,
1439 634 1602 666 omnes
1617 631 1778 667 tamen
1795 634 1853 667 ex
1874 618 1983 670 albo
2000 637 2126 668 mar⁶

1149 704 1286 736 more
1305 723 1314 733 .

1219 756 1489 807 Secundum
1516 760 1855 826 pavimentum
1873 763 2017 830 (proh
2035 762 2122 811 do-

1145 829 1279 892 lori)
1316 829 1365 877 in
1390 826 1572 878 stabulo
1587 829 1760 899 jacobi
1786 831 1987 880 Luciani
2015 829 2126 882 visi-

1144 913 1253 957 tur,
1272 902 1500 967 temporis
1514 936 1529 958 ,
1551 902 1600 951 ὃς
1619 901 1902 950 animalium
1924 901 2127 967 injuria,

1145 984 1199 1018 ut
1221 971 1418 1019 evenire
1437 967 1611 1020 necesse
1627 984 1758 1030 erat,
1795 973 1936 1022 valde
1968 991 2127 1022 corro-

1145 1039 1250 1088 sum
1266 1077 1276 1087 .
1303 1042 1478 1108 Lapilli
1501 1042 1587 1089 hoc
1607 1044 1943 1109 pavimentum
1961 1061 2129 1092 ornan-

1146 1126 1215 1161 tes
1234 1126 1340 1159 tum
1361 1111 1694 1179 magnitudine
1710 1148 1726 1169 ,
1757 1126 1864 1159 tum
1885 1113 2129 1162 coloribus

1146 1201 1226 1232 eos
1244 1183 1527 1239 imitantur,
1551 1199 1668 1247 quos
1695 1184 1743 1228 in
1763 1181 1945 1232 duabus
1973 1200 2129 1232 came-

1145 1255 1207 1301 ris
1237 1253 1507 1301 Alexandri
1526 1250 1719 1301 Alberti
1745 1265 1907 1303 extare
1940 1260 2039 1317 jam
2058 1253 2130 1303 di-

1145 1326 1306 1372 ximus
1325 1359 1337 1369 .

1216 1394 1447 1442 Tertium
1463 1395 1799 1461 pavimentum
1814 1392 1969 1458 (quod
1991 1392 2135 1442 habes

1145 1469 1196 1514 in
1217 1464 1386 1514 eadem
1417 1463 1608 1512 Tabula
1630 1467 1886 1514 XXXIV.
1905 1481 2039 1510 num.
2064 1470 2136 1524 3.)

1146 1534 1317 1606 parum
1342 1554 1368 1582 a
1387 1549 1671 1603 praenari·ato
1699 1534 1842 1583 distat
1860 1569 1875 1591 ,
1914 1535 2137 1600 ejusque„

1145 1606 1399 1676 longitudo
1422 1604 1489 1654 est
1509 1602 1724 1675 passuum
1743 1605 1913 1654 decem
1929 1641 1946 1663 ,
1974 1606 2138 1652 latitu-

1145 1679 1209 1727 do
1230 1676 1346 1726 ver&
1367 1673 1551 1743 septem
1569 1713 1580 1723 .
1620 1680 1836 1725 Stratum
1869 1673 1936 1724 est
1961 1675 2139 1738 lapillis

1146 1750 1428 1784 marmoreis
1448 1742 1565 1780 albis
1584 1769 1600 1789 ‚
1627 1742 1678 1782 oc
1697 1741 1874 1803 nigris,
1894 1741 2137 1808 magnitu-

1147 1806 1271 1855 dinis
1296 1804 1490 1851 circiter
1510 1806 1763 1852 unciarum
1785 1807 2023 1868 duarum,
2055 1829 2137 1858 va-

1148 1878 1241 1923 rios
1279 1871 1426 1941 pisces
1462 1874 1905 1941 repraesentantibus
1933 1915 1951 1935 ,
1987 1881 2135 1927 nimi-

1149 1962 1257 1992 rum
1287 1957 1380 1991 tres
1407 1944 1671 2010 Delphinos
1688 1980 1704 2001 ,
1736 1946 1851 1993 duas
1881 1948 2136 2007 Locustas,

1147 2031 1300 2064 unum
1319 2013 1596 2081 Polypum,
1622 2015 1672 2064 &
1699 2016 1990 2083 Neptunum
2025 2036 2136 2066 cum

1145 2084 1358 2136 tridente
1371 2119 1392 2142 ,
1406 2081 1503 2132 live
1522 2085 1652 2133 aliud
1668 2087 1909 2134 marinum
1928 2105 2108 2136 numen
2124 2125 2136 2135 .

1146 2160 1399 2225 Apparent
1431 2153 1622 2223 insuper
1650 2155 1849 2225 vestigia
1883 2158 2135 2208 aliorum-2

1144 2231 1296 2277 trium
1323 2223 1561 2295 piscium,
1598 2244 1807 2293 quorum
1842 2226 1939 2276 duo
1970 2230 2137 2278 viden-

1144 2313 1221 2346 tur
1242 2298 1442 2349 Vitulus
1463 2298 1673 2345 marinus
1688 2333 1705 2354 ‚
1740 2299 1789 2347 ἃ
1808 2299 1968 2364 Equus
1988 2301 2134 2346 mari-

1145 2388 1256 2417 nus:
1284 2369 1413 2417 tertii
1436 2381 1597 2416 autem
1627 2367 1829 2434 qualitas
1854 2370 2105 2436 ignoratur
2122 2407 2133 2417 .

1144 2441 1276 2489 Hinc
1296 2438 1422 2486 haud
1442 2439 1619 2488 temer&
1639 2438 1812 2487 deduci
1836 2438 1993 2506 potest
2007 2476 2026 2497 ,
2051 2459 2132 2487 ano

1149 2507 1348 2578 tiquitus
1366 2508 1432 2556 ibi
1454 2510 1685 2558 Balneum
1705 2507 1908 2558 extitiffe
1922 2546 1938 2567 ,
1970 2512 2017 2556 in
2039 2528 2133 2577 quo

1150 2598 1379 2647 aquarum
1398 2581 1536 2648 copia
1550 2616 1565 2638 ,
1585 2599 1636 2627 ac
1653 2577 1963 2648 perspicuitas
1984 2582 2137 2628 oculi-s

1151 2650 1482 2721 aspicientium
1499 2649 1772 2713 hujusmodi
1791 2649 1996 2719 piscium
2018 2648 2136 2718 figu-

1146 2725 1206 2771 ris
1235 2721 1492 2779 illuderet,
1527 2720 1637 2768 crim
1659 2720 1873 2769 cominus
1902 2723 2133 2770 intuenti-

1147 2792 1232 2842 bus
1262 2810 1431 2859 aquam
1452 2828 1467 2849 ‚
1508 2793 1734 2859 imagines
1754 2810 1920 2841 earum
1941 2810 2100 2841 rerum
2118 2827 2135 2848 ,

1147 2883 1248 2931 quae
1271 2865 1318 2910 in
1341 2865 1440 2911 imo
1461 2861 1719 2925 cujuslibet
1734 2860 1852 2911 vasis
1873 2860 1981 2911 sunt
1996 2898 2012 2919 ,
2033 2859 2129 2908 sur»

1147 2933 1251 2982 sum
1282 2934 1565 2990 eleventur,
1605 2933 1733 2983 unde
1764 2933 1889 2982 visui
1923 2928 2128 2998 gratiffiv

1147 3023 1251 3054 mus
1268 3022 1412 3053 error.
1429 3006 1624 3053 Horum
1641 3005 2031 3071 pavimentorum
2047 3017 2131 3047 no-

1146 3078 1306 3124 titiam
1322 3073 1549 3124 debemus
1566 3070 1896 3124 Reverendiss.
1919 3073 1978 3118 D.
1998 3069 2129 3116 Aba«

1147 3149 1184 3195 ti
1215 3143 1475 3194 Ambrosio
1497 3146 1696 3212 Spezia,
1735 3144 1814 3208 qui
1845 3158 1952 3189 eam
1989 3138 2127 3186 nobis

1148 3219 1281 3268 illinc
1309 3215 1522 3266 obtinuit
1539 3251 1550 3260 .

1608 3283 1645 3327 L
1686 3298 1710 3327 2
2016 3282 2128 3327 Mu«
