2425 3747
268 292 339 344 64
671 271 1105 329 VETERA
1178 263 1881 325 'MONIMENTA

268 347 522 423 patebant,
553 346 684 414 quod
703 346 907 395 ostendit
925 342 1172 410 exemplar
1200 344 1249 390 in

269 419 393 471 Tab.
417 420 562 469 XXI.
581 414 665 464 sub
680 417 830 465 literis
852 417 909 463 C.
929 417 988 464 D.
1013 413 1064 462 &
1085 430 1248 462 omnes

268 489 331 540 fic
357 507 495 537 muro
521 485 697 535 clausas
725 479 860 532 fuisse
889 482 1098 552 depiRas
1124 482 1249 547 judi-

269 581 324 610 co
340 597 356 619 ,
379 557 459 608 sed
478 557 707 625 temporis
728 554 1046 604 diuturnitate
1066 555 1249 604 colores

270 632 479 681 deletos.
519 630 635 676 Haec
661 627 807 692 igitur
835 625 1024 674 Pistura
1047 643 1149 693 quae
1174 624 1244 673 su-

269 711 483 772 pererat,
515 698 712 752 Petrum
734 732 750 754 ,
769 697 819 747 &
840 697 1044 744 Paulum
1063 700 1247 744 Roma-

267 789 384 821 num
407 768 641 836 populum
658 767 983 834 alloquentes,
1004 765 1252 817 docentes-

267 858 360 909 que
386 835 707 895 demonstrat,
741 851 794 884 ut
819 839 866 885 in
886 836 1029 906 ipsius
1059 839 1246 906 epigra-

267 912 361 980 phe
394 908 664 958 declaratur
690 944 706 966 ‚
748 906 829 955 ubi
854 905 916 956 fic
946 908 1249 977 legendum.»

268 978 486 1031 existimo
501 1000 512 1027 ε
528 978 616 1028 Hic
631 980 786 1030 Petrus
802 1014 816 1035 ‚
835 981 889 1028 ἐν
909 978 1071 1030 Paulus
1091 980 1249 1030 Roma-

268 1073 321 1101 no
340 1052 497 1116 Populo
507 1050 746 1116 praedicant
761 1085 776 1106 ,
795 1051 850 1099 &⁶
868 1050 1017 1099 docent
1037 1052 1249 1102 Verbum:

270 1120 382 1173 cum
406 1123 455 1169 in
482 1118 673 1168 Tabula
699 1120 937 1168 initialem
957 1122 1151 1171 literam
1180 1123 1252 1171 ul-

269 1196 400 1242 timae
422 1193 552 1240 vocis
569 1193 703 1240 DER
719 1226 735 1248 ,
754 1190 952 1239 Pistoris
972 1194 1156 1240 incuria
1176 1195 1252 1241 vi-

269 1267 441 1313 tiatam
465 1258 553 1313 effe
577 1260 791 1325 judicem
810 1297 826 1319 ‚
855 1279 1028 1331 nempe
1063 1265 1171 1312 loco
1199 1264 1254 1310 li-

271 1349 383 1384 terae
426 1338 488 1383 V.
528 1330 730 1400 positam
779 1334 968 1381 literam
1004 1337 1064 1381 D.
1111 1347 1256 1403 prout

273 1407 424 1457 etiam
450 1405 499 1451 in
520 1405 669 1452 literis
688 1404 906 1452 PDCNS
925 1404 1099 1453 ultima
1116 1407 1256 1454 litera

271 1476 531 1525 S.videtur
562 1475 762 1524 erronee
793 1488 1091 1524 commutata
1123 1477 1172 1523 in
1203 1476 1260 1523 li-

271 1560 429 1596 teram
445 1544 506 1592 T.
525 1547 616 1594 Hae
631 1547 813 1614 Figurae
836 1545 1225 1614 praedicationem
1240 1582 1256 1603 ,

271 1619 323 1669 ὃς
349 1617 646 1683 martyrium
676 1614 921 1683 utriusque
939 1616 1161 1685 Apostoli
1184 1635 1255 1666 re-

271 1685 606 1756 praesentantes
619 1722 635 1744 ,
652 1684 975 1734 vetustiffimae
995 1686 1125 1737 sunt:
1144 1706 1257 1735 nam

271 1756 308 1806 fi
329 1754 586 1803 earundem
607 1752 796 1799 habitus
817 1751 1165 1821 inspestemus,
1185 1774 1255 1805 re-

272 1826 441 1876 dolent
470 1836 690 1890 tempora
717 1826 781 1872 V.
812 1822 999 1883 saeculi,
1028 1827 1257 1894 piRaeque

271 1893 396 1946 forte
422 1892 531 1943 sunt
556 1889 678 1956 juffu
709 1894 950 1958 Simplicii
986 1894 1259 1954 Pontificis‚

272 1969 356 2035 qui
382 1962 627 2027 musivum
654 1978 772 2029 opus
803 1963 852 2009 in
883 1962 1105 2012 Tribuna
1133 1962 1256 2028 ejus-

273 2037 390 2085 dem
420 2030 626 2081 Bafilicae
654 2030 948 2091 construxit,
980 2033 1040 2083 de
1067 2053 1161 2102 quo
1188 2037 1259 2082 in-

273 2103 346 2155 fra
373 2102 455 2153 suo
472 2103 607 2152 loco.
638 2100 859 2156 Ulterius
887 2105 1040 2152 multa
1070 2107 1162 2157 alia
1176 2104 1260 2154 ob-

274 2174 547 2223 servatione
574 2172 716 2240 digna
745 2171 881 2230 sunt,
914 2191 1015 2241 quae
1044 2173 1265 2225 vetustis-

277 2243 452 2293 fimum
482 2256 670 2311 tempus
700 2243 942 2301 indicant,
977 2263 1090 2301 nam
1110 2246 1265 2296 Pisto-

277 2333 349 2365 res
368 2331 422 2364 ea
441 2329 541 2380 quae
558 2315 788 2381 pingunt,
803 2327 858 2362 ut
877 2315 1142 2384 plurimdm
1160 2324 1264 2381 jux-

275 2388 327 2434 ta
362 2382 557 2432 suorum
592 2396 869 2450 temporum
905 2403 1062 2437 mores
1101 2387 1262 2455 expri-

281 2473 408 2504 mere
441 2451 596 2502 solent
625 2489 634 2499 .
674 2453 854 2502 Itidem
890 2452 987 2521 ipse
1023 2457 1263 2507 charaf'ter

280 2524 559 2595 epigraphes
591 2524 708 2570 hanc
744 2524 1068 2586 conjesturam
1095 2526 1263 2576 confir-

282 2611 383 2645 mat
411 2632 427 2654 ,
476 2595 558 2661 qui
592 2591 817 2641 saeculum
853 2597 918 2643 V.
958 2609 1041 2644 aut
1074 2601 1166 2648 VI.
1201 2600 1261 2649 ad

283 2662 527 2715 summum
558 2662 704 2713 refert
723 2700 733 2710 .

384 2736 474 2784 Sed
503 2749 557 2782 ut
590 2731 760 2783 melius
795 2750 989 2802 quaeque
1025 2737 1262 2805 expenda-

285 2824 419 2862 nuw,
457 2804 677 2871 Apostoli
698 2805 999 2865 Dalmatica,
1032 2809 1082 2858 ὃ(
1112 2810 1262 2858 Pallio

286 2876 443 2925 induti
478 2872 612 2931 sunt,
645 2875 814 2941 reliqui
853 2876 971 2925 vero
1007 2876 1174 2949 Toga,
1213 2882 1264 2930 ὃς

286 2949 407 3014 Sago
423 2980 438 3002 ‚
467 2941 565 2992 five
586 2944 865 3012 Chlamyde
884 2968 897 3006 ;
925 2947 950 2995 ὲ
971 2948 1141 3015 quibus
1161 2949 1262 2999 To-

285 3019 356 3086 gis
382 3014 631 3063 nonnullas
660 3017 967 3082 peculiariter
1002 3017 1260 3069 observan-

285 3087 368 3135 das
385 3083 602 3135 existimo
616 3119 632 3141 ,
647 3102 748 3151 quae
769 3103 871 3134 oras
884 3122 900 3144 ‚
916 3085 1011 3137 five
1030 3094 1261 3139 exrremi-

286 3170 405 3205 tates
425 3172 512 3203 acu
527 3153 672 3222 pietas
687 3154 888 3214 habent,
904 3174 995 3223 qua
1016 3159 1166 3209 cultssis
1183 3181 1264 3209 va-

289 3230 458 3276 rietate
478 3225 635 3274 Piecor
652 3221 838 3275 fortasse
853 3227 1093 3296 Principes
1109 3232 1237 3280 viros
1250 3269 1266 3290 ,

288 3293 600 3363 Patritiosque
628 3297 653 3345 a
679 3295 819 3363 plebe
845 3294 1059 3350 distinxit
1077 3336 1094 3360 ,
1126 3320 1177 3350 ac
1195 3299 1265 3352 se·-

1300 344 1457 390 crevit
1475 379 1485 391 .
1527 344 1744 393 Notandi
1766 344 1912 393 etiam
1937 342 2046 391 sunt
2065 340 2204 394 muri
2222 363 2283 396 ex

1301 411 1460 482 lapide
1488 415 1720 480 quadrato
1758 433 1871 463 cum
1898 412 2111 463 turribus
2131 451 2147 474 ,
2181 434 2286 484 quae

1302 488 1530 533 Romanae
1553 486 1702 539 Urbis
1716 521 1732 542 ‚
1749 504 1843 534 non
1863 485 1978 535 vero
2001 486 2195 534 alterius
2214 488 2286 535 ci-

1304 555 1466 605 vitatis
1495 557 1673 604 moenia
1708 554 1967 604 denotant.
2000 558 2287 623 Antiquitus

1305 628 1436 678 enim
1465 625 1616 678 Urbis
1644 627 1773 673 muri
1798 640 1933 674 erant
1962 645 2019 675 ex
2047 626 2289 695 lapidibus

1304 695 1576 766 quadratis,
1602 710 1656 745 ut
1687 695 1807 745 bene
1838 695 2117 745 observavit
2153 700 2289 746 Mar-

1307 771 1458 817 lianus
1485 768 1533 813 in
1554 766 1634 815 sua
1654 767 1954 836 Typograpbia
1974 767 2115 819 Urbis
2132 768 2218 817 lib.
2243 788 2287 818 1.

1302 864 1341 893 c.
1364 859 1411 904 4.
1430 839 1481 888 &
1497 857 1547 896 9.
1572 839 1652 886 Illi
1670 837 1787 886 ver&
1814 840 1895 904 qui
1918 838 2061 887 hodie
2088 839 2291 888 lateritii

1303 910 1524 964 visuntur
1538 943 1554 965 ‚
1574 906 1682 955 sunt
1701 906 1973 975 posterioris
1994 909 2083 957 aevi
2097 944 2113 966 ,
2133 922 2187 956 ut
2203 908 2290 958 do-

1304 996 1378 1035 cet
1394 977 1622 1028 Eusebius
1651 980 1698 1025 in
1717 978 1958 1028 Chronico
1976 1000 1988 1028 ι
2025 981 2075 1030 δε
2095 979 2294 1031 Flavius

1306 1049 1542 1120 Vopiscus
1564 1051 1612 1096 in
1631 1048 1896 1097 Aureliano
1918 1047 1980 1098 fic
2000 1052 2096 1098 ait:
2132 1048 2292 1101 Muros

1307 1124 1451 1181 Urbis
1476 1119 1694 1190 Romaefic
1711 1121 1952 1185 ampliavit
1968 1156 1983 1178 ,
2016 1137 2064 1170 ut
2084 1126 2294 1189 quinqua—

1301 1204 1432 1269 ginta
1444 1199 1572 1262 propc}
1600 1193 1747 1241 millia
1774 1203 1986 1241 murorum
2003 1197 2094 1258 ejus
2110 1193 2297 1243 ambitus

1306 1283 1475 1320 teneat.
1505 1262 1682 1313 Voluit
1706 1263 1852 1330 igitur
1872 1263 2030 1312 Pistor
2055 1264 2296 1330 exprime-

1309 1359 1358 1389 re
1385 1334 1534 1390 Urbis
1551 1350 1711 1382 muros
1728 1368 1745 1390 ,
1782 1351 1877 1381 non
1900 1346 2045 1402 prout
2068 1332 2152 1381 suo
2173 1346 2296 1382 tem-

1312 1426 1425 1480 pore
1451 1418 1584 1455 erant
1604 1439 1619 1461 ‚
1656 1400 1737 1452 sed
1760 1421 1862 1452 aevo
1890 1422 1986 1472 quo
2004 1405 2139 1453 Beati
2158 1407 2297 1473 Apo-

1311 1481 1418 1531 stoli
1438 1473 1759 1546 praedicabant
1775 1509 1792 1521 ,⁷

1370 1553 1476 1599 Nec
1498 1544 1904 1615 praetermittenda
1923 1542 2033 1593 sunt
2058 1547 2298 1612 vela,quae

1310 1620 1597 1688 complicata
1620 1617 1728 1663 hinc
1748 1615 1859 1664 inde
1888 1618 1915 1664 ἒι
1933 1615 2163 1665 lateribus
2183 1633 2300 1684 pen·-

1311 1693 1445 1750 dent3
1460 1691 1635 1755 quippe
1655 1687 1749 1733 illis
1769 1686 1927 1735 Pistor
1946 1689 2024 1742 (ut
2043 1695 2185 1754 puto)
2200 1689 2298 1734 Im-

1312 1762 1539 1831 peratoris
1556 1758 1792 1803 Palatium
1811 1756 2081 1813 denotavit,
2099 1758 2145 1802 in
2165 1761 2298 1819 cujus

1310 1829 1491 1881 foribus
1524 1827 1634 1875 vela
1663 1825 1889 1884 aderant,
1922 1838 1977 1873 ut
2003 1827 2180 1876 cecinit
2200 1829 2299 1876 Co—

1313 1905 1476 1969 rippus
1506 1896 1589 1944 lib.
1617 1910 1692 1952 3.‚
1726 1895 1785 1943 de
1814 1895 1988 1944 eodem
2019 1898 2205 1943 Palatio
2236 1894 2300 1943 fic

1312 1973 1513 2037 loquens
1528 2003 1538 2013 .

1385 2041 1544 2092 Veritm
1574 2052 1621 2086 uc
1636 2038 1850 2086 contraiio
1862 2049 2104 2101 patuerunt
2139 2039 2301 2087 intima

1457 2111 1562 2159 ‘velo

1391 2180 1543 2237 Ostia,
1559 2183 1614 2228 (ς’
1631 2180 1775 2223 aurati
1793 2182 2032 2227 micuerunt
2050 2181 2165 2227 atria
2177 2176 2300 2226 τεὲἵί.

1316 2251 1378 2294 Et
1404 2243 1673 2294 Anastasius
1699 2247 1747 2291 in
1766 2247 1867 2294 vita
1893 2249 1937 2294 S.
1959 2247 2171 2296 Silvestri
2203 2247 2300 2296 haec

1316 2316 1457 2366 habet
1476 2339 1487 2366 ι
1517 2318 1637 2367 Fecit
1665 2317 1718 2367 B·
1737 2317 2016 2367 Silveffrum
2034 2319 2197 2384 Papam
2216 2338 2301 2366 ve-

1315 2393 1412 2438 nire
1440 2393 1488 2437 in
1525 2389 1747 2439 Palatium
1779 2387 1933 2438 Pincii
1977 2391 1998 2444 <
2025 2386 2105 2436 seu
2138 2386 2301 2456 potius

1314 2462 1539 2527 Principis
1553 2494 1568 2516 ,
1599 2473 1709 2503 nam
1730 2474 1904 2506 vocem
1925 2456 2298 2507 abbreviatam-2

1315 2545 1432 2599 puto
1450 2540 1471 2593 )
1503 2533 1559 2579 <9²
1579 2528 1639 2577 ad
1642 2530 1835 2592 primum
1852 2564 1867 2584 ,
1898 2530 2198 2597 &ficttndum
2219 2547 2301 2579 ‘ve-

1311 2605 1400 2652 lum
1423 2600 1611 2649 obtinuit
1630 2616 1792 2646 omnem
1807 2600 1978 2650 Clerum
2002 2636 2012 2646 .

1385 2667 1678 2732 Hujusmodi
1707 2670 1817 2717 vela
1847 2664 2019 2718 affabre
2047 2665 2300 2737 expressa„

1316 2739 1537 2792 visuntur
1559 2740 1606 2785 in
1625 2736 1814 2788 musivo
1841 2756 1984 2807 opere
2000 2775 2016 2797 ‚
2042 2738 2171 2806 quod
2199 2743 2299 2787 Ra-

1316 2830 1479 2861 vennae
1507 2808 1574 2859 est
1601 2811 1649 2857 in
1666 2808 1872 2858 Ecclesia
1904 2813 1947 2858 S.
1970 2810 2299 2878 Apollinaris,

1317 2879 1704 2951 repraesentatque
1723 2881 1961 2928 Palatium
1987 2898 2101 2928 cum
2118 2896 2299 2928 novem

1312 2953 1491 3020 januis,
1516 2951 1541 2999 ὲ
1559 2951 1727 3018 quibus
1746 2950 1972 3000 omnibus
1990 2953 2101 3000 vela
2121 2949 2299 3016 depen-

1316 3024 1429 3072 dent
1447 3058 1457 3067 .
1481 3024 1640 3084 Hujus
1663 3019 1839 3070 musivi
1857 3024 2011 3090 operis
2033 3026 2228 3070 Iconem
2249 3020 2300 3067 in

1317 3092 1520 3143 secunda
1558 3091 1701 3142 nostri
1734 3095 1910 3161 Operis
1939 3106 2070 3160 parte
2102 3090 2313 3140 Lefflmri

1319 3162 1597 3214 exhibemus
1615 3200 1625 3210 .

1389 3236 1536 3300 Supra
1564 3235 1613 3283 ἃ
1643 3231 1744 3301 post
1774 3234 1883 3282 vela
1915 3244 2145 3299 apparent
2179 3246 2295 3277 non-

1319 3305 1457 3354 nullae
1476 3304 1677 3363 domus,
1707 3302 1767 3353 ad
1793 3304 2000 3353 invicem
2035 3299 2198 3370 paullo*
2221 3297 2297 3346 di-

2172 3366 2298 3417 stan·-
