2425 3747
327 259 424 312 190⁶

726 245 1149 301 VETERA
1221 240 1913 294 MONIMENTA

320 320 427 380 sius,
446 318 632 384 hujusce
651 320 818 384 templi
842 315 1066 365 fundator
1082 312 1190 360 fuit.
1209 314 1288 363 Fe·
1337 313 1449 376 joris
1466 310 1636 377 adepta
1658 307 1723 358 est
1739 345 1755 367 ‚
1786 309 2050 373 eodemque
2066 308 2206 359 titulo
2230 310 2317 357 ha-.

321 397 382 442 cit
408 397 520 441 enim
552 394 637 446 (ut
655 389 811 441 verbis
829 383 1038 448 ejusdem
1061 382 1286 431 Auctoris
1336 383 1497 432 &enus
1517 377 1779 446 infignitur..
1795 380 2022 428 Praeterea
2037 379 2158 426 inter
2173 380 2308 448 quin„

322 474 453 527 utar)
467 459 696 527 Bastlicam
710 460 874 504 nomini
879 457 959 523 fito,
963 459 1104 518 juxta
1115 452 1181 502 M
1184 455 1287 501 acel-

323 535 408 583 lum
438 529 573 582 Libz'ae
605 527 723 581 (alii
752 527 917 593 legunt
941 523 1126 586 Liviae)
1161 523 1288 589 quod

320 605 462 652 etiam
480 593 703 646 consonat
718 599 907 661 antique
924 590 1288 659 traditi011i‚qud

323 670 526 721 invaluit
542 679 596 714 ut
611 682 786 714 nomen
807 664 1066 717 Liberianae
1088 660 1290 711 Basilicae

323 737 405 790 diu
422 736 669 790 retinuerit
684 771 693 781 .
721 735 887 801 Neque
906 734 1022 782 vero
1040 735 1290 800 negotium

319 805 531 860 facessere
559 804 704 859 debet
723 805 770 852 id
789 840 807 866 2
833 803 961 871 quod
995 805 1042 850 in
1060 805 1160 855 vita
1181 807 1292 868 Xy-

321 880 375 929 sti
411 881 506 928 III.
545 874 676 923 idem
712 873 1102 923 Bibliothecarius
1140 868 1294 923 afferit

321 947 551 1003 scribens,
590 944 804 1012 Xystum
832 941 1107 994 Pontificem
1137 937 1290 989 fecisse

323 1015 569 1069 Basilicam
593 1013 766 1066 sanstae
789 1013 983 1069 Mariae,
1008 1031 1107 1079 quae
1132 1009 1188 1058 ab
1211 1028 1290 1057 an-

323 1090 463 1154 tiquis
491 1084 738 1136 dicebatur
761 1089 903 1148 juxta
932 1080 1175 1131 Macellum
1208 1079 1289 1131 Li-

321 1163 443 1211 viae:
481 1152 578 1204 five
608 1168 660 1202 ut
690 1155 807 1220 legit
840 1154 1126 1210 Panvinius,
1163 1150 1287 1200 Bafi-

322 1230 462 1276 licam
490 1225 664 1278 Sanctae
685 1225 849 1275 Mariae
872 1224 1042 1271 Matris
1063 1222 1287 1279 Domini,

322 1316 422 1365 quae
455 1294 512 1344 ab
549 1296 750 1359 antiquis
781 1292 954 1343 Liberii
984 1294 1290 1360 cognomina·

324 1367 460 1417 batur
471 1401 487 1423 ,
493 1371 633 1431 juxta
650 1363 890 1415 Macellum
908 1362 1058 1417 Liviae
1072 1360 1087 1408 ¹.
1128 1365 1172 1410 N
1179 1363 1201 1411 ex
1222 1363 1291 1408 in-

323 1453 466 1505 quam
490 1437 633 1486 alicui
651 1436 904 1504 negocium
921 1430 1105 1482 facessat
1122 1449 1219 1479 vox
1239 1431 1290 1478 il-

324 1505 496 1574 laste-it,
513 1541 529 1564 ,
566 1524 709 1573 quam
740 1502 992 1570 utrobique
1025 1499 1287 1550 Bibliothe-

323 1578 474 1626 carius
502 1571 726 1642 usurpat:
764 1573 942 1627 constat
961 1574 1092 1626 enim
1115 1571 1201 1620 hoc
1231 1572 1289 1618 i1-‚

324 1648 359 1698 li
377 1644 584 1699 verbum
600 1643 831 1696 familiare
844 1639 974 1694 fuisse
993 1656 1097 1689 tum
1116 1641 1175 1689 ad
1193 1641 1290 1689 fun-

323 1716 536 1766 dationes
561 1750 578 1772 ,
615 1727 720 1766 tum,
747 1713 806 1765 ad
834 1710 1108 1761 refectiones
1137 1712 1186 1759 δε
1217 1726 1291 1756 or-

324 1797 461 1835 natus
484 1782 736 1836 dicendos:
758 1782 898 1849 quare⁴
922 1779 1007 1831 sibi
1034 1798 1129 1833 non
1151 1775 1296 1828 ref1·a-„

322 1869 494 1925 gatur‚
529 1851 639 1902 cum
661 1852 719 1905 de
744 1850 937 1905 Liberio,
957 1852 1177 1917 loquens,
1204 1849 1291 1896 hoc

322 1921 473 1975 verbo
478 1921 596 1990 ficit
611 1926 815 1992 primam
839 1918 1043 1975 Bafilicae
1059 1918 1295 1968 fundatio-

323 2012 436 2045 nem
455 1993 662 2055 indicat3
689 1993 747 2044 de
775 1990 936 2058 Xysto
962 1990 1076 2042 vero
1107 1986 1295 2039 eatenus

1340 469 1430 519 que
1456 448 1789 503 Patriarchales
1805 447 2029 502 Ecclefias
2053 447 2203 501 Urbis
2231 466 2304 497 re-

1341 517 1554 570 censetur
1573 555 1589 576 ,
1617 520 1676 568 de
1707 516 1876 583 quibus
1898 523 2109 588 joannes
2135 521 2307 566 Mona-

1344 592 1454 640 chus
1476 593 1519 643 8.,
1537 593 1595 638 R.
1614 592 1667 640 E„
1684 587 1947 641 Cardinalis
1962 591 2009 641 in
2027 607 2126 656 cap.
2140 588 2307 638 Funda-

1345 677 1484 712 menta
1504 695 1520 717 ,
1548 663 1620 708 De
1639 658 1774 712 elect.
1788 658 1839 704 in
1854 666 1903 708 6.
1922 660 2118 708 cecinit:

1413 732 1574 785 Paulus
1588 764 1604 792 2
1627 731 1786 796 Virgo,
1813 728 1967 783 Petrus
1982 765 1999 787 ,
2021 728 2278 779 Laurentius
2291 766 2306 786 ,

1483 817 1606 869 atque
1622 800 1828 867 ‘Joannes
1844 819 1856 845 :

1413 871 1483 922 Hi
1520 870 1847 922 Patriarchatus
1881 886 2030 917 nomen
2063 874 2111 918 in
2147 869 2308 927 Urbe-2

1482 956 1654 995 tenent.
2333 933 2336 937 ’

1401 1013 1700 1064 Numeratur
1716 1011 1863 1058 etiam
1883 1011 2003 1057 inter
2022 1026 2096 1057 eas
2114 1008 2311 1077 septem,

1341 1098 1451 1148 quas
1473 1077 1811 1131 Christifideles
1842 1097 1899 1128 ex
1930 1077 2151 1128 universo
2179 1079 2311 1129 Orbe

1343 1150 1652 1204 adventantes
1673 1186 1689 1207 ,
1730 1153 1806 1217 pia
1838 1149 2094 1200 devotione
2131 1167 2183 1197 ac
2215 1151 2311 1197 ritu

1343 1220 1522 1270 solenni
1556 1221 1786 1289 perpetuo
1811 1218 2032 1269 vifitant:
2069 1237 2156 1268 nec
2177 1238 2312 1268 non..-

1345 1293 1470 1344 inter
1498 1304 1700 1358 quatuor
1721 1288 2112 1357 praeclariffimas,
2137 1291 2185 1338 in
2208 1292 2311 1355 qui-

1345 1360 1429 1412 bus
1450 1379 1568 1409 anno
1579 1358 1774 1429 Jubilaei
1796 1357 2122 1428 praetiofiffimi
2142 1361 2310 1409 Indul-

1342 1433 1611 1498 gentiarurn
1630 1426 1831 1483 thesauri
1856 1428 2205 1483 confluentibus
2224 1448 2310 1496 po-

1343 1501 1466 1569 pulis
1483 1498 1654 1569 largius
1680 1512 1960 1568 erogantur,
1988 1501 2037 1550 δε
2055 1501 2191 1568 plena
2212 1519 2315 1567 pec-

1341 1573 1557 1626 catorum
1588 1566 1794 1619 remiffio
1831 1570 1890 1619 de
1925 1570 2100 1620 Christi
2135 1571 2315 1620 latere,

1345 1636 1622 1708 Apostoliczi
1664 1639 1944 1691 auctoritate
1985 1641 2285 1706 impertiente
2297 1674 2320 1697 ‚.

1345 1709 1544 1777 benigne
1572 1708 1853 1761 conceditur
1875 1745 1885 1755 .
1927 1709 2065 1759 Plura
2103 1708 2161 1757 de
2191 1707 2314 1772 ejus-

1347 1778 1457 1830 dem
1474 1778 1705 1846 dignitate
1725 1813 1742 1835 ‚
1768 1779 1820 1832 ὃς
1846 1776 2062 1827 laudibus
2081 1776 2314 1846 congesse-

1347 1864 1457 1897 runt
1484 1849 1612 1902 Abas
1628 1848 1798 1899 Paulus
1822 1847 1880 1897 de
1904 1849 2099 1916 Angelis
2124 1850 2170 1895 in
2196 1847 2318 1897 sua-⁴

1348 1920 1538 1989 Basz'llca
1550 1919 1584 1968 S
1587 1954 1596 1965 .
1611 1916 1773 1969 Mariae
1789 1916 1856 1969 M
1857 1924 2014 1984 ajoris;
2039 1918 2289 1967 Panvinius
2298 1956 2315 1977 ,

1348 1992 1397 2040 δε
1432 1992 1686 2039 Severanus
1722 1990 1792 2039 De
1805 1992 1969 2058 septem
1995 1987 2134 2041 Urbis
2169 1988 2315 2039 Eccle-

323 2058 479 2115 fecisse
496 2062 639 2120 dicit,
667 2061 894 2129 quatenus
912 2064 990 2128 qui
1009 2059 1186 2118 reficit,
1214 2073 1296 2107 aut
1334 2060 1423 2131 stis
1440 2083 1454 2121 3
1490 2061 1662 2126 aliique
1690 2061 1949 2127 Scriptores
1976 2057 2281 2109 Ecclefiastici
2299 2096 2317 2117 ,

324 2132 529 2186 restituit
549 2169 569 2191 ‚,
600 2129 753 2186 facere
785 2131 939 2181 denuo
970 2151 1062 2179 non
1097 2128 1295 2177 absurde

325 2204 420 2255 dici
440 2202 591 2270 potest
605 2238 615 2249 .
648 2204 780 2250 Sicut
801 2203 958 2268 itaque
975 2204 1000 2250 a
1019 2201 1195 2252 Liberio
1212 2217 1297 2247 no-

326 2291 436 2323 men
464 2272 706 2322 Liberianae
736 2285 949 2323 mutuata
979 2272 1043 2320 est
1066 2309 1081 2329 ,
1119 2273 1182 2318 ita
1213 2288 1295 2317 no-

325 2360 436 2394 men
459 2340 671 2410 Xyiflinae
699 2340 868 2410 adepta
883 2341 977 2394 fuit
1004 2341 1194 2408 aXys‘Zo
1219 2358 1296 2389 re-

324 2410 602 2466 stauratore:
642 2409 825 2479 Xystus
848 2413 977 2461 enim
1003 2413 1203 2465 Basilica:
1227 2424 1296 2461 te·-

324 2485 398 2536 ‹sta
422 2478 626 2533 refecisse
645 2483 868 2543 videtur,
893 2480 929 2530 fi
955 2480 1067 2535 fides
1084 2479 1293 2550 praestan-

326 2554 384 2602 da
410 2551 477 2603 est
497 2551 786 2604 carminibus.
811 2555 837 2602 ὲ
866 2554 1080 2605 Grutero
1109 2552 1290 2609 relatis,

325 2625 373 2676 &
391 2618 510 2672 infra
528 2620 747 2691 appositis
762 2657 778 2680 ,
808 2639 1011 2689 quorum
1032 2624 1223 2670 initium
1242 2642 1253 2670 τ

397 2694 530 2761 Virga
553 2693 714 2745 Maria
737 2691 826 2745 tibi
851 2690 1030 2758 Xystus
1048 2710 1165 2744 nova
1182 2692 1293 2741 teila

466 2765 643 2815 dicavit

395 2834 548 2902 Digna
567 2834 797 2904 fhlztcisero
817 2837 907 2885 &a

328 2899 588 2971 Assumpfit
621 2906 765 2955 etiam
792 2904 849 2952 ab
878 2902 1058 2968 adjecto
1079 2901 1298 2969 Praesepis

327 2975 570 3023 Dominici
590 2976 771 3025 Sacello
796 2992 970 3023 nomen
993 2974 1166 3023 Sancta·
1187 2975 1293 3021 Ma-

326 3044 405 3091 riae
426 3043 484 3092 ad
502 3041 731 3112 Praesepe:
766 3062 817 3092 ac
834 3043 1033 3108 denique
1059 3061 1170 3091 cum
1190 3043 1294 3109 plu-

327 3114 467 3165 rimas
512 3113 660 3164 sacras
693 3112 812 3162 aedes
850 3114 1062 3179 Deiparae
1104 3113 1296 3179 Virgini

328 3197 612 3252 nuncupatas
626 3219 642 3241 ,
670 3184 796 3239 mole
820 3183 869 3232 &
887 3182 1120 3248 dignitate
1141 3180 1295 3229 excel—

328 3254 475 3312 leret,
500 3254 910 3305 nomenclaturam
933 3253 975 3299 S.
999 3251 1167 3300 Mariae
1186 3252 1295 3298 Ma-¹

1352 2149 1466 2197 quos
1496 2127 1737 2179 consulere
1764 2149 1849 2199 pro
1877 2129 2015 2179 libito
2042 2129 2212 2179 Lector
2231 2148 2317 2197 p0-.

1353 2215 1466 2252 tCl'lt‘
1482 2237 1495 2252 ..

1418 2271 1555 2326 Ordo
1586 2269 1786 2325 instituti
1810 2269 2013 2340 postulat
2032 2304 2048 2326 ‚
2086 2283 2138 2317 ut
2165 2273 2191 2319 a
2209 2267 2316 2317 fun-

1349 2343 1541 2392 datione
1569 2338 1771 2395 Bafilicae
1798 2341 1857 2391 ad
1885 2337 2163 2408 praesentem
2193 2338 2313 2402 ejus-

1348 2414 1460 2464 dem
1481 2408 1622 2464 situm
1636 2446 1653 2468 ,
1683 2430 1735 2460 ac
1751 2410 1923 2461 statum
1945 2409 2149 2479 gradum
2172 2409 2313 2458 facia-

1346 2501 1449 2531 mus
1468 2519 1480 2535 .,
1498 2486 1667 2538 Frons,
1685 2478 1780 2531 five
1801 2479 1939 2531 facies
1953 2479 2012 2529 ad
2036 2481 2313 2529 orientem-2

1344 2554 1528 2621 vergit:
1560 2552 1756 2599 interior
1774 2565 1930 2601 autern
1948 2548 2100 2601 forma
2119 2565 2222 2598 tum
2245 2568 2316 2599 or-

1346 2624 1455 2672 dine
1476 2622 1690 2678 navium‚
1707 2634 1813 2669 tum
1831 2618 2192 2689 ichnographicfi
2209 2638 2317 2668 con-

1346 2692 1596 2746 structione
1605 2727 1621 2752 ‚
1638 2705 1739 2738 tum
1752 2693 1895 2741 etiam
1914 2690 2082 2741 frontis
2100 2690 2283 2758 aspectu
2297 2725 2315 2748 ,

1345 2760 1509 2816 similis
1540 2774 1641 2809 erat
1666 2776 1867 2827 quatuor
1895 2762 1997 2809 aliis
2027 2760 2316 2812 Patriarcha-

1347 2831 1496 2893 libus3
1524 2832 1638 2885 licet
1660 2831 1804 2885 modo
1830 2832 2021 2897 antiqua
2041 2832 2315 2885 Vaticana-2

1349 2900 1533 2970 penitus
1553 2902 1708 2953 diruta
1727 2898 1810 2959 fit,
1837 2902 1886 2950 &
1905 2898 2223 2950 Lateranenfis
2248 2900 2316 2948 so-

1349 2971 1599 3025 lummodo
1619 2972 1828 3037 porticus
1846 2983 2088 3021 remaneat
2103 3006 2113 3018 .
2131 2967 2318 3019 Discre‹

1349 3056 1429 3110 pat
1456 3039 1703 3093 Liberiana
1723 3038 1917 3095 Bafilica
1939 3044 1966 3091 ὲ
1981 3036 2278 3091 Lateranenfi
2297 3074 2315 3096 ‚

1349 3109 1406 3159 ab
1424 3112 1613 3176 antiqua
1632 3112 1862 3163 Vaticana
1874 3148 1891 3170 ,
1904 3113 1954 3162 ὃ(
1969 3108 2026 3158 ab
2043 3110 2125 3158 illa
2142 3113 2186 3159 S.
2199 3110 2314 3157 Pau-

1349 3182 1382 3228 li
1409 3216 1424 3237 ‚
1463 3193 1516 3228 ut
1549 3177 1686 3247 supra
1721 3179 2149 3231 demonstravimus
2172 3215 2188 3237 ,
2230 3196 2313 3227 nu-

1347 3266 1479 3301 mero
1497 3251 1689 3299 navium
1710 3287 1728 3314 2
1764 3249 1874 3300 cum
1901 3264 1991 3301 tres
2019 3264 2313 3301 tantummo-

2242 3318 2311 3373 ‚do
