2482 3742
775 254 1271 307 CAPUT
1373 253 1544 305 XIX.

2064 268 2150 311 181

153 323 282 373 fessio
300 323 390 382 est,
415 334 555 391 qu'am
577 324 810 372 cernimus
826 326 971 373 etiam
989 325 1130 376 hodie
1183 326 1359 374 molitae
1379 362 1395 385 ,
1429 322 1609 394 poffum
1637 323 1880 374 ostendere
1904 362 1920 383 ‚
1954 345 2152 380 ear-unm,

153 396 203 442 in
222 393 425 443 Ecclesia
446 397 489 441 S.
507 394 795 452 Clementis,
826 413 877 442 ac
913 393 1049 463 supra
1080 398 1127 444 in
1182 397 1471 464 exemplaria
1488 394 1784 455 exhibendo,
1811 412 1923 443 nam
1940 415 2014 445 eas
2035 411 2152 446 tran-

150 463 436 515 Tab.VIII.
465 462 809 513 indicavimus:
847 465 994 515 modo
1021 483 1125 515 eam
1177 465 1368 532 scriptas
1390 461 1520 514 fuisse
1540 483 1634 513 non
1658 467 1880 524 invenio,
1912 481 2081 536 praeter
2102 469 2153 515 il-

151 535 200 582 in
231 535 512 603 ampliorem
543 529 749 582 formam
781 533 1019 584 redastam
1046 535 1121 584 hic

149 602 429 652 exhibemus
452 638 469 662 ‚
506 615 559 649 ut
578 603 758 652 Lec‘tor
786 601 969 654 facilius
996 606 1120 656 hunc

148 671 475 740 pervetustum
508 670 828 724 Confeffiones
856 674 1120 724 construen-

147 741 197 791 di
215 742 416 794 modum
437 744 666 813 percipiat
678 779 694 801 ,
711 741 819 792 cum
840 744 933 793 haec
956 743 1120 813 parum

146 810 378 881 discrepet
401 812 458 861 ab
479 814 560 861 illa
580 816 655 862 SS.
670 814 795 863 Petri
814 815 864 864 &
880 815 1119 865 Marcelli-

145 883 225 941 ni,
254 896 395 950 atque
414 883 574 932 eidem
595 896 814 951 tempore
833 886 1019 951 aequalis
1033 881 1113 933 fit.

226 953 552 1021 Sepulchrales
575 953 643 1003 hae
674 954 824 1003 moles
851 953 1116 1006 labentibus

144 1024 274 1071 annis
301 1037 548 1093 coeperunt
577 1041 672 1073 non
693 1024 813 1074 nihil
839 1026 1116 1074 mutationis

144 1094 354 1162 perpeti,
378 1093 488 1143 cum
506 1095 554 1142 in
575 1092 814 1143 sacrorum
829 1093 1118 1164 lipsanorum

143 1161 405 1213 custodiam
433 1162 653 1213 adhibitae
676 1160 856 1211 fuerint
872 1200 882 1211 .
904 1162 1001 1214 Hic
1023 1167 1117 1212 Ro-

141 1250 216 1296 me
234 1234 460 1300 plurimas
474 1231 801 1296 hujuscemodi
818 1233 1116 1283 construstio-

139 1321 219 1351 nes
249 1302 374 1351 vidit
405 1303 695 1370 praeteritum
722 1300 943 1350 saeculum
961 1339 977 1361 ,
1013 1322 1113 1370 quae

136 1376 233 1436 jam
255 1371 493 1422 demolitae
523 1371 658 1423 sunt:
697 1372 893 1439 vidique
921 1387 1113 1441 egomet

137 1441 406 1494 adolescens
433 1444 623 1492 illarum
650 1459 793 1490 unam
817 1444 864 1491 in
886 1444 1111 1493 Laterana

137 1509 621 1580 Basilica‚antequam
642 1514 947 1562 Innocentius
966 1519 1029 1565 X.
1048 1516 1113 1582 ip·-

135 1580 234 1632 sam
255 1583 534 1634 restauraret
551 1620 561 1630 .
588 1584 697 1633 Fuit
723 1583 866 1633 etiam
888 1585 978 1632 alia
997 1603 1111 1633 non-

136 1654 280 1701 nullis
306 1654 363 1702 ab
382 1655 488 1703 hinc
510 1655 639 1703 annis
661 1651 893 1703 demolita
920 1655 966 1701 in
985 1668 1112 1703 vete-

135 1723 178 1770 ri
195 1721 398 1773 Ecclesia
412 1727 455 1772 S.
471 1727 646 1773 Mamffi
663 1723 709 1769 in
731 1719 947 1779 Porticu,
963 1725 987 1772 ὲ
1004 1726 1115 1771 San-

136 1793 221 1841 &ae
243 1811 445 1842 memor.
469 1793 751 1843 Innocentio
770 1796 861 1843 XI.
883 1791 1110 1843 Pontifice

133 1864 396 1920 Maximo,
434 1876 487 1911 ut
504 1880 626 1911 nunc
645 1860 709 1910 est
726 1897 742 1920 ,
769 1860 1111 1914 reaedificata-,z

133 1934 263 1983 Item
289 1934 378 1980 alia
406 1935 453 1980 in
471 1930 673 1982 Ecclesia
701 1935 743 1979 S.
763 1935 940 1979 MARrAE
961 1935 1109 2002 vulgo

136 2006 186 2053 in
205 2006 457 2070 Campitelli
473 2039 487 2060 ‚
517 2020 617 2068 quae
646 1998 756 2050 cum
776 2000 966 2063 disjecta
981 2007 1106 2069 jace-

132 2085 206 2121 ret
229 2110 245 2132 ,
281 2077 306 2123 a
335 2077 507 2122 Senatu
541 2072 816 2139 Populoque
850 2075 1070 2122 Romano
1090 2110 1106 2131 ,

132 2141 372 2193 occasione
393 2143 496 2192 voti
525 2141 585 2191 ob
606 2142 853 2191 liberatam
870 2141 1060 2196 Urbem
1079 2147 1105 2193 ἐι

131 2212 370 2283 pestilenti
397 2214 474 2262 lue
490 2249 506 2273 ‚
531 2231 652 2261 anno
688 2220 834 2272 1657.
856 2208 948 2261 fuit
976 2212 1102 2262 resti-

130 2296 264 2331 tuta.
295 2285 533 2353 Conspexi
564 2281 750 2351 insuper
769 2278 1023 2331 Ciborium
1055 2286 1101 2333 in

127 2353 333 2404 Ecclesia
364 2358 407 2403 S.
442 2355 605 2404 Alexii
623 2390 639 2413 ,
679 2354 725 2399 in
758 2369 851 2417 quo
884 2353 1097 2420 Deiparae

128 2425 346 2491 Virginis
375 2427 534 2494 imago
562 2422 618 2471 ab
637 2417 797 2471 Edessa
829 2420 1093 2473 transvecta

130 2492 479 2543 custodiebatur
503 2531 514 2542 .
555 2491 786 2545 Visuntur
815 2492 966 2541 adhuc
1001 2493 1096 2543 duo

125 2561 299 2612 :similia
320 2562 513 2613 Ciboria
531 2561 590 2621 (si
609 2565 673 2612 ita
691 2582 764 2613 eas
782 2564 930 2612 moles
950 2563 1095 2613 deno-

127 2635 309 2683 minare
332 2631 396 2681 sas
415 2633 514 2698 est)
540 2635 589 2682 in
607 2631 800 2683 Basilica
816 2633 1066 2683 Liberiana
1079 2672 1096 2693 ,

128 2704 177 2750 in
198 2722 399 2771 quorum
416 2722 509 2756 uno
528 2700 760 2753 cunabula
779 2706 980 2754 Domini
998 2708 1096 2753 No-

126 2771 336 2843 striJEsU
353 2777 545 2825 CHfflsrl
572 2771 887 2835 asservantur3
916 2776 963 2823 in
983 2777 1094 2824 alte·-

125 2862 180 2894 ro
206 2843 323 2894 ver&
348 2845 611 2894 multorum
634 2845 909 2895 Sanstorum
935 2842 1093 2913 supre-

125 2931 233 2974 ma,
264 2911 359 2964 five
376 2915 558 2964 exuviae
578 2951 589 2962 .
629 2917 822 2965 Horum
856 2912 1090 2966 schemata

124 2983 202 3032 hic
221 3003 448 3053 reponere
466 2983 690 3045 abstinui,
707 2985 814 3036 cum
829 2991 924 3049 jam
942 3005 993 3035 ea
1011 2986 1094 3036 de-

126 3055 381 3104 lineaverit
404 3056 670 3104 Canonicus
699 3057 758 3107 de
779 3057 976 3125 Angelis
1004 3059 1091 3107 iii-2

124 3121 205 3173 sua
226 3122 418 3175 Basilica
435 3123 683 3175 Liberiana
700 3163 711 3174 .

195 3196 298 3242 Nec
317 3197 475 3263 quales
496 3192 673 3244 fuerint
693 3197 759 3244 hae
775 3196 1010 3245 sacrarum
1027 3215 1095 3247 re-

124 3263 380 3331 liquiarum
395 3263 612 3315 custodiae
626 3300 642 3324 ,
656 3283 764 3316 meo
783 3279 1000 3336 tempore
1017 3268 1093 3317 de-

1175 537 1270 584 lam
1290 538 1332 582 S.
1350 538 1523 584 Mama-
1539 542 1588 585 in
1605 539 1862 603 Campitelli
1875 573 1891 595 ,
1920 555 2063 604 quam
2079 537 2153 585 ha-

1175 604 1252 654 bes
1273 606 1320 651 in
1341 604 1461 652 Tab.
1483 607 1669 655 XLIV.
1688 610 1788 676 Fig.
1806 622 1850 664 3.
1870 606 2151 657 Custodiam

1172 675 1290 722 lianc
1313 676 1398 723 cla:
1416 692 1559 723 mem:
1577 678 1899 743 Raymundus
1918 676 2146 728 Cardina-

1170 745 1226 792 lis
1255 742 1575 812 Capisucchus
1603 745 1831 796 delineari
1847 746 2006 811 jussit,
2034 749 2148 815 ,quia

1169 816 1195 864 a
1213 815 1404 863 Proavis
1424 813 1512 863 suis
1532 829 1736 881 quatuor
1761 814 1857 866 fere
1873 817 1931 865 ab
1951 819 2059 866 hinc
2079 816 2151 866 sae-

1170 885 1286 933 culis
1315 881 1471 934 fuerat
1503 883 1763 935 constructa
1786 923 1803 944 ‚
1846 901 1901 935 ut
1935 885 2149 952 ejusdem

1169 952 1468 1003 nobiliffimae
1484 951 1674 1003 familiae
1700 956 1926 1006 testantur
1942 956 2148 1025 Izifignia

1171 1023 1236 1071 ibi
1262 1022 1467 1093 expressa
1481 1061 1491 1071 .
1518 1028 1593 1073 Ac
1614 1041 1666 1074 ut
1682 1026 1877 1085 clariuS,
1900 1029 1950 1078 ἃς
1965 1026 2149 1076 facilius

1170 1096 1301 1162 argui
1322 1093 1461 1164 poffit
1487 1113 1580 1161 quo
1607 1110 1821 1166 tempore
1847 1099 1914 1148 hae
1932 1096 2144 1148 constru-

1169 1165 1345 1214 {tiones
1364 1167 1411 1211 in
1432 1164 1516 1213 usu
1535 1162 1678 1214 effent
1694 1202 1709 1223 ,
1742 1167 1914 1217 addam
1941 1170 2147 1218 nonnul-

1169 1236 1212 1282 la
1238 1233 1485 1302 desumpta
1512 1253 1571 1285 ex
1592 1237 1692 1284 vita
1710 1238 1976 1285 Cardinalis
1994 1241 2143 1305 Joan-

1165 1305 1236 1351 nis
1263 1307 1468 1354 Antonii
1496 1305 1808 1373 Capisucchi‚
1837 1307 1864 1354 a
1882 1308 2026 1356 Paulo
2048 1312 2142 1357 IV.

1166 1375 1308 1422 recol.
1328 1391 1471 1424 mem.
1502 1374 1710 1443 purpura*
1736 1375 1923 1427 donati:
1950 1376 2032 1424 ubi
2053 1380 2146 1427 Ol-

1166 1443 1334 1492 doinus
1350 1447 1636 1514 perantiquae
1652 1446 1789 1509 hujus
1806 1443 1998 1495 familia.²
2010 1483 2026 1505 ,
2043 1466 2145 1514 quae

1165 1527 1263 1561 tam
1280 1519 1445 1564 Romae
1460 1551 1477 1572 ‚
1506 1518 1649 1581 quam
1668 1518 1876 1586 Neapoli
1895 1552 1911 1575 ,
1941 1534 2140 1566 necnon

1166 1586 1213 1630 in
1231 1586 1417 1645 Gallia,
1433 1587 1484 1635 δε
1501 1588 1760 1636 Germania
1778 1587 1957 1637 radices
1974 1605 2140 1656 propa-

1166 1657 1331 1722 gavit,
1360 1659 1516 1705 varios
1535 1654 1798 1705 admodum
1825 1656 2029 1708 illustres
2052 1662 2143 1709 Vi-

1167 1741 1241 1771 ros
1270 1721 1528 1781 describit,
1564 1728 1645 1792 qui
1682 1724 1923 1794 purpurei,
1962 1730 2103 1776 armis
2124 1765 2142 1786 ,

1168 1789 1360 1860 aliisque
1397 1796 1627 1861 praeclaris
1660 1795 1935 1846 muneribus
1954 1795 2143 1848 refulse-

1169 1876 1302 1910 runt.
1334 1867 1511 1913 Narrat
1535 1867 1680 1914 etiam
1702 1867 1927 1916 eumdem
1952 1869 1999 1915 in
2016 1881 2138 1917 tem-

1166 1935 1245 1999 plo
1267 1935 1310 1980 S.
1328 1937 1500 1982 Minus:
1515 1940 1563 1983 in
1578 1937 1827 2001 Campitelli
1845 1935 2137 2005 lipsanorum

1162 2002 1426 2051 custodiam
1453 2000 1606 2053 feciffe
1625 2041 1640 2062 ,
1672 2024 1811 2071 quam
1850 2025 1932 2056 nos
1965 2008 2138 2059 vidisse

1161 2073 1497 2132 recordamur,
1531 2077 1724 2125 eximiis
1744 2093 2043 2126 marmorum
2062 2079 2131 2126 in-

1159 2142 1517 2192 crustationibus
1545 2148 1907 2205 concinnatam,
1946 2146 2026 2194 ubi
2058 2149 2132 2215 ip-

1156 2209 1246 2260 fius
1285 2214 1495 2277 Familiae
1542 2213 1846 2283 Capisucchae
1894 2214 2133 2284 insignia-³

1154 2280 1563 2351 conspiciebantur
1585 2321 1601 2342 ,
1637 2303 1778 2353 opere
1814 2288 2130 2339 vermiculato

1153 2349 1324 2402 affabre
1353 2352 1612 2424 composita
1630 2392 1646 2414 ‚
1682 2355 1863 2404 scilicet
1892 2375 2130 2408 aUseUm-5

1151 2420 1393 2473 baltheum
1411 2427 1458 2473 in
1472 2427 1656 2475 caerulei
1675 2427 1845 2474 coloris
1864 2427 2043 2477 areola:
2073 2449 2126 2478 ac

1152 2494 1341 2562 insuper
1379 2498 1427 2542 in
1462 2494 1619 2545 fronte
1657 2493 1876 2545 custodiae
1913 2496 2125 2548 Artificis

1150 2583 1326 2615 nomen
1346 2565 1595 2636 legebatur
1613 2563 1676 2615 sic
1696 2602 1709 2614 .

1254 2648 1607 2689 MAGISTER
1644 2650 2028 2690 DEODATUS

1340 2699 1541 2739 FECIT
1575 2700 1713 2740 HOC
1747 2700 1944 2740 OPUS.

1247 2768 1390 2817 Vixit
1431 2768 1507 2815 hic
1544 2754 1894 2823 Artifex'anno
1934 2767 2125 2816 circiter

1152 2857 1298 2898 1290.
1339 2851 1393 2887 ut
1424 2837 1603 2888 indicat
1631 2834 1761 2884 Abas
1784 2833 2122 2885 Constantinus

1142 2912 1398 2973 Cajetanus
1427 2910 1476 2956 in
1493 2909 1594 2956 vita
1614 2903 1791 2956 Gelasii
1812 2909 1879 2955 ΙΙ.
1911 2908 2114 2955 Romani

1148 2976 1420 3037 Pontificis,
1454 2978 1627 3028 addens
1657 2979 1706 3025 in
1736 2976 1908 3026 eodem
1940 2976 2119 3041 templo

1145 3050 1344 3100 eandem
1364 3050 1613 3099 Familiam
1642 3049 1891 3114 antiquum
1912 3041 2116 3092 habuiffe

1145 3122 1410 3178 Sacellum,
1426 3138 1548 3169 anno
1572 3137 1590 3167 1
1603 3133 1716 3178 390.
1735 3118 1953 3165 dotatum
1968 3148 1978 3159 .
1996 3114 2115 3161 Haec

1145 3191 1277 3240 idem
1304 3191 1542 3241 Oldoinus
1569 3207 1626 3238 ex
1656 3188 1797 3236 variis
1822 3180 2116 3232 Au&oribus

1144 3263 1370 3331 collegit,
1398 3279 1498 3328 quae
1526 3277 1609 3306 nos
1637 3259 1682 3303 in
1715 3256 1920 3302 aliorum
1949 3270 2110 3370 εκῗῑῐι-

1974 3341 2004 3391 p
2029 3340 2109 3371 um
