2482 3742
679 249 1066 303 CAPU

90 341 138 374 re
165 320 270 372 sunt
297 338 492 370 numero
515 319 689 389 viginti
719 334 921 384 quatuor
940 356 952 366 .

158 389 502 455 Hujuscemodi
519 388 646 439 arcus
664 387 1057 441 substructionem

85 463 355 534 posterioris
387 462 614 529 temporis
644 456 730 509 effe
754 474 869 528 puto
896 460 954 509 ad
986 457 1059 507 fir·-

88 532 214 584 mius
241 532 429 581 tholum
455 529 807 580 sustentandum
824 531 1063 598 excogita-

87 616 335 668 tam‚-quo
370 599 634 669 superiores
661 617 791 650 arcus
819 603 1058 651 navium-.-

91 669 413 741 gravabantur
430 706 441 718 .

148 741 331 791 Tholus
352 742 427 790 hic
441 741 726 812 pereleganti
741 738 936 790 Mufi'vo
952 759 1061 809 ope-

90 829 139 860 re
161 826 381 861 ornatur:
414 814 460 859 in
489 816 587 874 ejus
615 814 744 863 enim
779 811 940 860 medio
962 811 1060 859 Ta-

76 879 201 930 bula
234 881 510 932 orbicularis
542 882 791 933 nonnullas
826 884 1064 949 Imagines

89 952 341 1001 hominum
362 950 557 1002 exhibet
573 990 590 1013 ,
625 965 679 1001 ut
699 954 747 999 in
761 951 881 1000 Tab.
900 953 1060 1003 LXX.

89 1039 292 1088 quarum
312 1021 469 1071 media
498 1022 563 1072 est
589 1024 948 1092 SanetiJoannis
973 1025 1058 1070 Ba·-

89 1092 238 1159 ptistae
266 1093 412 1162 pallio
432 1093 634 1143 violacei
663 1094 835 1143 coloris
860 1092 1022 1141 amieii
1044 1128 1060 1151 ,

92 1180 146 1209 ac
173 1162 231 1210 ad
257 1164 408 1230 ripam
446 1162 659 1213 fluminis
682 1162 867 1220 stantis,
899 1176 1064 1212 tenen-

90 1229 242 1297 tisque
260 1225 438 1283 finistra
453 1232 709 1299 oblongam
726 1233 1067 1290 Crucem,dex-

91 1299 194 1349 tera
220 1299 480 1357 concham,
515 1298 596 1350 seu
629 1301 877 1369 quidpiam
909 1303 1068 1360 aliud,

94 1368 220 1421 unde
250 1372 298 1419 in
314 1383 457 1438 caput
485 1368 660 1421 Christi
683 1371 885 1420 Domini
907 1372 955 1419 in
974 1371 1067 1421 flu-

91 1441 220 1497 mine
261 1440 322 1489 ad
360 1437 646 1490 umbilicum
681 1439 824 1509 usque
855 1437 1069 1492 immersi

94 1527 215 1577 aqua
235 1508 541 1579 profunditur
560 1547 572 1558 .
612 1514 759 1579 Supra
781 1510 954 1561 Christi
975 1515 1070 1560 Do·-

93 1582 214 1630 mini
255 1591 398 1648 caput
427 1578 695 1632 diademate
730 1579 905 1650 insigne
933 1617 947 1639 ‚
984 1580 1068 1632 sub

93 1648 247 1718 specie
277 1648 512 1699 columbae
533 1649 701 1700 visitur
722 1653 928 1719 §piritus
956 1655 1066 1699 San-

93 1720 196 1770 &us
227 1756 238 1767 .
277 1720 529 1769 Notandus
562 1734 721 1770 autem
749 1717 823 1769 hic
854 1720 918 1769 est
948 1724 1066 1771 ritus

92 1788 235 1860 ipsius
255 1788 552 1857 Baptismatis
574 1809 655 1860 per
673 1789 1002 1859 aspersionem,
1016 1794 1066 1842 &

92 1877 178 1930 per
210 1858 561 1911 immersionem
587 1858 818 1930 expressus
836 1898 851 1920 ‚
889 1863 947 1912 de
974 1881 1067 1930 quo

26 1928 27 1931 ¹
95 1934 144 1981 in
163 1928 315 1978 nostra
334 1932 545 1982 Secunda
563 1934 697 1981 Parte
720 1945 941 1981 veterum
963 1951 1066 1981 mo-

93 2004 425 2051 nimentorum
452 2005 587 2069 plura
614 2002 811 2051 dicenda
829 2000 965 2061 sunt,
988 2002 1067 2051 Oc*

95 2068 279 2121 cafione
297 2071 432 2139 captz'i
448 2091 472 2118 a
487 2068 784 2140 quorundam
806 2072 1067 2142 Baptisma-

97 2143 220 2191 lium
241 2141 467 2190 Pontium
484 2179 500 2201 ,
536 2162 589 2192 ac
607 2161 881 2192 marmoreae
900 2142 1067 2192 tabulae

95 2212 414 2279 an'aglyphicc}
448 2211 695 2262 elaboratae
729 2213 984 2272 structura,
1020 2216 1068 2261 in

94 2300 186 2349 qua
218 2280 279 2330 fic
297 2280 656 2332 administrandi
677 2282 971 2351 Baptismatis
1004 2285 1067 2331 ri„

94 2365 170 2400 tus
201 2349 555 2419 repraesentatur
572 2390 582 2400 .
619 2350 839 2416 Ejusdem
860 2372 1067 2403 marmo-

97 2439 185 2469 reae
213 2420 412 2470 Tabulae
441 2424 681 2491 exemplar
703 2422 1069 2482 lllustriffimus,

95 2494 145 2542 &
160 2490 591 2542 Reverendiffimus
605 2494 819 2543 Andreas
847 2495 906 2545 de
923 2497 1072 2563 Aquie-

95 2580 158 2610 no
189 2596 205 2618 ,
249 2562 367 2610 olim
404 2561 658 2630 Episcopus
694 2564 1028 2615 Tricaricenfis
1053 2601 1069 2623 ,

97 2629 283 2679 summai
321 2630 401 2678 sua
433 2634 727 2683 humanitate
758 2636 912 2685 Nobis
938 2654 1066 2685 com-

100 2703 395 2758 municavit,
428 2699 619 2752 afferens
634 2739 650 2761 ,
678 2705 811 2752 illam
836 2707 978 2756 hodie
998 2705 1067 2754 as-

98 2769 273 2820 servari
299 2773 346 2818 in
378 2772 558 2822 Palatio
585 2774 907 2825 Excellentiss.
933 2777 1066 2824 Prin-

99 2841 217 2908 cipis
245 2841 303 2890 de
332 2844 647 2893 Caramanico
684 2841 752 2892 sui
780 2844 934 2895 fratris
963 2864 1068 2915 ger-

99 2912 258 2959 mani.
296 2913 577 2962 Notandum
595 2910 669 2961 hic
688 2916 832 2963 etiam
852 2915 915 2966 est
929 2953 945 2974 ‚
975 2918 1070 2964 Ta-

31 3035 33 3039 *
98 2981 219 3029 bulae
241 2979 507 3043 hujusmodi
537 2982 776 3052 Opificem
808 3005 901 3035 non
917 2984 1072 3035 solum

100 3049 282 3103 fiumen
309 3051 451 3099 viridi
474 3072 625 3120 panno
643 3057 850 3104 cincium
866 3093 881 3114 ‚
900 3053 1070 3105 verum

98 3121 150 3170 &
166 3117 304 3187 ipsius
322 3120 534 3170 fluminis
555 3142 726 3174 nomen
750 3121 1068 3195 expreffiffffi,

102 3187 211 3238 cum
232 3190 352 3239 illud
372 3192 518 3241 literis
538 3193 848 3256 indicaverit,
875 3200 1069 3266 nempe:

99 3261 442 3384 IognnNN.
477 3263 615 3320 Idem
649 3280 873 3334 praeterea
900 3265 1068 3331 falsas,

214 3348 321 3383 Gir-a,

1140 247 1186 298 T
1285 246 1488 301 XXV.
1984 265 2079 309 235

1109 336 1161 366 ac
1187 336 1328 366 vanas
1351 321 1662 367 Ethnicorum
1700 323 1894 388 opiones
1922 318 2082 385 sequun

1109 401 1183 437 tus
1212 424 1227 445 ,
1257 388 1520 457 Jordanem
1556 387 1710 456 ipsum
1745 389 1961 458 appinxit
1998 387 2081 434 sub

1111 455 1261 527 specie
1279 459 1485 507 hominis
1508 460 1859 525 aliquantulum
1880 461 1904 508 ἐ
1929 457 2083 505 fluvio

1114 530 1419 597 prominentis
1433 565 1448 586 ,
1466 530 1839 599 linteolumque‚
1856 529 1936 578 seu
1952 545 2085 595 mapa

1113 599 1273 667 pulam
1290 634 1306 656 ,
1328 600 1482 646 veluti
1503 599 1562 648 ad
1583 599 1922 669 detergendam
1940 635 1956 657 ,
1994 615 2084 664 qua

1114 665 1325 718 Christus
1343 668 1546 739 aspersus
1564 665 1743 729 fuerat,
1761 687 1930 737 aquam
1943 705 1959 726 ,
1977 668 2087 717 dex·-

1116 737 1188 786 tra
1207 740 1430 801 tenentis;
1454 736 1632 788 finistra
1649 741 1764 789 vero
1785 740 2088 799 arundinem,

1115 826 1287 876 quam,
1322 822 1376 856 ut
1402 806 1580 878 insigne
1615 811 1887 876 quoddam,
1921 829 1973 857 ac
2000 827 2084 876 pe—

1116 881 1345 928 culiarem
1372 896 1535 931 notam
1566 880 1768 929 dominii
1791 917 1807 938 ,
1844 881 2085 930 Gentium

1115 947 1378 1018 superstitio
1402 952 1658 1000 fluminum
1678 988 1694 1009 ,
1723 964 2088 1020 caeterarumque

1111 1037 1338 1087 aquarum
1370 1021 1695 1082 Numinibus,
1733 1023 1813 1073 vel
1844 1040 1987 1072 manu
2004 1043 2086 1092 ge-

1115 1090 1326 1140 standam
1363 1093 1505 1142 dabat
1532 1131 1547 1151 ‚
1583 1094 1662 1142 vel
1700 1095 1845 1163 capiti
1879 1096 2082 1142 circum-

1117 1160 1348 1230 ponebat.
1379 1166 1511 1214 Hinc
1540 1164 1660 1213 illud
1692 1165 1868 1233 Virgil.
1900 1165 2079 1213 AEneid.

1121 1238 1166 1282 8.
1186 1252 1233 1280 v.
1251 1246 1272 1288 3
1289 1252 1306 1279 1
1319 1269 1328 1280 .

1204 1302 1322 1353 Huic
1346 1303 1464 1353 Deus
1483 1307 1568 1373 ips&
1589 1308 1698 1362 loci,
1722 1307 1877 1373 flavio
1902 1304 2086 1372 Tyberi-

1280 1391 1357 1420 nus
1383 1390 1533 1422 amaeno
1547 1400 1569 1431 ,-

1201 1445 1403 1509 Populeas
1442 1449 1557 1495 inter
1583 1446 1732 1514 finiar
1760 1446 1814 1513 [ὲ
1858 1447 2089 1496 attollere-2

1265 1511 1449 1583 frondes

1209 1589 1267 1642 Vi
1289 1605 1370 1634 us:
1418 1607 1508 1636 eum
1544 1590 1686 1637 tenuis
1726 1589 1874 1656 glauco
1909 1585 2092 1636 ‘velabat

1273 1657 1432 1705 amifi‘u
1920 1720 1923 1722 -

1200 1725 1338 1779 Carba
1359 1747 1406 1775 us
1425 1762 1439 1784 ‚
1476 1739 1529 1779 Θ
1556 1731 1693 1778 crines
1719 1727 1910 1795 umbros&
1925 1724 2090 1792 tegebat

1272 1797 1431 1845 arundo
1451 1835 1461 1845 .
1672 1814 1677 1817 ·

1190 1869 1300 1934 Qa
1317 1870 1462 1915 etiam
1484 1866 1657 1917 corona‘i
1672 1865 1931 1915 arundinea
1953 1878 2093 1933 caput

1121 1939 1298 2004 inclyti
1327 1939 1474 1986 amnis
1504 1935 1713 1986 Danubii
1751 1939 1798 1984 in
1827 1939 2092 1985 columna-

1120 2008 1323 2070 Trajana
1351 2006 1599 2078 insculpti,
1630 2009 1912 2057 redimitum
1943 2002 2088 2074 inspiss

1122 2080 1247 2127 citur
1267 2114 1276 2124 .

1192 2150 1390 2198 Circum
1419 2148 1497 2196 has
1532 2151 1761 2197 centrales
1787 2147 1955 2217 figuras
1973 2146 2091 2195 duo-

1120 2219 1279 2267 decim
1309 2218 1525 2286 Apostoli
1548 2218 1724 2286 depieii
1756 2217 1860 2267 sunt
1879 2253 1894 2275 ,
1931 2214 2092 2264 suum-

1120 2308 1210 2356 que
1227 2290 1482 2355 unicuique
1503 2308 1672 2338 nomen
1690 2287 1971 2357 appositum.
1989 2289 2094 2333 San»

1120 2361 1183 2409 &i
1216 2359 1340 2407 Petri
1374 2358 1509 2408 vestis
1542 2362 1705 2417 aurei,
1742 2360 1945 2407 Pallium
1975 2373 2092 2405 vero

1124 2427 1216 2478 albi
1234 2430 1405 2477 coloris
1425 2427 1488 2476 est
1508 2452 1522 2491 3
1544 2431 1573 2485 ⁴ex
1601 2444 1764 2479 contra
1795 2433 1836 2477 S.
1860 2428 1992 2476 Pauli
2012 2445 2095 2476 ve-

1123 2498 1198 2548 stis
1217 2498 1348 2557 alba,
1375 2501 1577 2549 Pallium
1597 2519 1821 2549 aureum:
1847 2501 1896 2549 ἃ
1918 2500 2004 2546 hoc
2028 2499 2093 2545 al-

1121 2582 1303 2619 ter-nato
1325 2571 1540 2620 colorum
1560 2571 1952 2629 ordine,aliorum
1967 2570 2096 2635 Apo-

1120 2640 1348 2690 stolorum
1368 2655 1630 2689 cernuntur
1644 2639 1793 2690 vestes
1807 2677 1816 2687 .
1837 2635 2096 2705 Unusquis-

1120 2729 1210 2778 que
1245 2709 1359 2758 vero
1395 2710 1581 2759 elevata
1617 2709 1840 2760 ambabu3
1879 2706 2096 2758 manibus

1121 2782 1344 2829 anteriori
1367 2782 1498 2849 pallii
1521 2795 1669 2849 parte,
1688 2779 1825 2851 super
1843 2781 1977 2829 illam
1995 2777 2097 2826 suas

1123 2848 1342 2900 deferunt
1362 2869 1554 2901 coronas
1573 2888 1589 2910 ,
1626 2871 1726 2919 quae
1749 2856 1870 2901 inter
1893 2849 1938 2900 se
1969 2849 2096 2898 colo-

1123 2940 1171 2971 re
1193 2918 1415 2969 differunt
1434 2958 1444 2970 .
1481 2923 1680 2990 Speciali
1707 2936 1865 2971 tamen
1894 2919 2004 2969 notai
2024 2918 2094 2965 di-

1123 3011 1223 3060 gnae
1241 2991 1497 3050 videntur,
1524 3011 1698 3041 corona
1723 2996 1766 3042 S.
1783 2994 1905 3042 Petri
1926 2988 2093 3046 rubei,

1125 3065 1168 3110 S.
1184 3062 1315 3108 Pauli
1338 3061 1453 3110 vero
1476 3065 1605 3111 aurei
1626 3065 1814 3119 coloris,
1832 3077 2025 3127 quaeque
2045 3060 2093 3104 in

1123 3130 1284 3180 medio
1316 3135 1519 3199 gemmis
1549 3134 1721 3182 cerulei
1751 3132 1922 3179 coloris
1951 3130 2092 3177 deco⁰

1123 3215 1288 3250 rantur
1302 3239 1311 3248 .
1334 3205 1423 3251 Hae
1444 3204 1667 3251 alludunt
1683 3201 1740 3248 ad
1760 3202 1918 3249 locum
1934 3204 2089 3266 Apoc.

1122 3291 1222 3341 cap.
1246 3291 1292 3336 4.
1318 3271 1398 3319 ubi
1431 3270 1755 3323 describuntur
1777 3272 1951 3341 viginti
1980 3287 2094 3335 qua*-

1545 3342 1591 3387 G
1607 3359 1639 3409 g
1668 3358 1700 3397 2¹
1982 3352 2092 3389 tuor
